%YAML 1.1
%TAG !u! tag:unity3d.com,2011:
--- !u!1001 &100100000
Prefab:
  m_ObjectHideFlags: 1
  serializedVersion: 2
  m_Modification:
    m_TransformParent: {fileID: 0}
    m_Modifications: []
    m_RemovedComponents: []
  m_ParentPrefab: {fileID: 0}
  m_RootGameObject: {fileID: 1000010147778992}
  m_IsPrefabParent: 1
--- !u!1 &1000010147778992
GameObject:
  m_ObjectHideFlags: 0
  m_PrefabParentObject: {fileID: 0}
  m_PrefabInternal: {fileID: 100100000}
  serializedVersion: 5
  m_Component:
  - component: {fileID: 4000011366461134}
  - component: {fileID: 33000013917232096}
  - component: {fileID: 23000012086804180}
  - component: {fileID: 95000010193682926}
  - component: {fileID: 136000013468345576}
  - component: {fileID: 54000010755463768}
  - component: {fileID: 114000011353624988}
  m_Layer: 20
  m_Name: ZX_GenericTwoStageMissile
  m_TagString: Untagged
  m_Icon: {fileID: 0}
  m_NavMeshLayer: 0
  m_StaticEditorFlags: 0
  m_IsActive: 1
--- !u!4 &4000011366461134
Transform:
  m_ObjectHideFlags: 1
  m_PrefabParentObject: {fileID: 0}
  m_PrefabInternal: {fileID: 100100000}
  m_GameObject: {fileID: 1000010147778992}
  m_LocalRotation: {x: 0, y: -0, z: -0, w: 1}
  m_LocalPosition: {x: -0.002558689, y: 0, z: 0}
  m_LocalScale: {x: 1, y: 1, z: 1}
  m_Children: []
  m_Father: {fileID: 0}
  m_RootOrder: 0
  m_LocalEulerAnglesHint: {x: 0, y: 0, z: 0}
--- !u!23 &23000012086804180
MeshRenderer:
  m_ObjectHideFlags: 1
  m_PrefabParentObject: {fileID: 0}
  m_PrefabInternal: {fileID: 100100000}
  m_GameObject: {fileID: 1000010147778992}
  m_Enabled: 1
  m_CastShadows: 1
  m_ReceiveShadows: 1
  m_DynamicOccludee: 1
  m_MotionVectors: 1
  m_LightProbeUsage: 1
  m_ReflectionProbeUsage: 1
  m_Materials:
  - {fileID: 2100000, guid: 3d79e67ca75114a7c9059db0c009019d, type: 2}
  m_StaticBatchInfo:
    firstSubMesh: 0
    subMeshCount: 0
  m_StaticBatchRoot: {fileID: 0}
  m_ProbeAnchor: {fileID: 0}
  m_LightProbeVolumeOverride: {fileID: 0}
  m_ScaleInLightmap: 1
  m_PreserveUVs: 0
  m_IgnoreNormalsForChartDetection: 0
  m_ImportantGI: 0
  m_StitchLightmapSeams: 0
  m_SelectedEditorRenderState: 3
  m_MinimumChartSize: 4
  m_AutoUVMaxDistance: 0.5
  m_AutoUVMaxAngle: 89
  m_LightmapParameters: {fileID: 0}
  m_SortingLayerID: 0
  m_SortingLayer: 0
  m_SortingOrder: 0
--- !u!33 &33000013917232096
MeshFilter:
  m_ObjectHideFlags: 1
  m_PrefabParentObject: {fileID: 0}
  m_PrefabInternal: {fileID: 100100000}
  m_GameObject: {fileID: 1000010147778992}
  m_Mesh: {fileID: 4300000, guid: 26e804a1620b246fcac2ef200e1b0231, type: 3}
--- !u!54 &54000010755463768
Rigidbody:
  m_ObjectHideFlags: 1
  m_PrefabParentObject: {fileID: 0}
  m_PrefabInternal: {fileID: 100100000}
  m_GameObject: {fileID: 1000010147778992}
  serializedVersion: 2
  m_Mass: 10
  m_Drag: 0
  m_AngularDrag: 0.5
  m_UseGravity: 0
  m_IsKinematic: 1
  m_Interpolate: 0
  m_Constraints: 0
  m_CollisionDetection: 0
--- !u!95 &95000010193682926
Animator:
  serializedVersion: 3
  m_ObjectHideFlags: 1
  m_PrefabParentObject: {fileID: 0}
  m_PrefabInternal: {fileID: 100100000}
  m_GameObject: {fileID: 1000010147778992}
  m_Enabled: 1
  m_Avatar: {fileID: 9000000, guid: 26e804a1620b246fcac2ef200e1b0231, type: 3}
  m_Controller: {fileID: 0}
  m_CullingMode: 0
  m_UpdateMode: 0
  m_ApplyRootMotion: 0
  m_LinearVelocityBlending: 0
  m_WarningMessage: 
  m_HasTransformHierarchy: 1
  m_AllowConstantClipSamplingOptimization: 1
--- !u!114 &114000011353624988
MonoBehaviour:
  m_ObjectHideFlags: 1
  m_PrefabParentObject: {fileID: 0}
  m_PrefabInternal: {fileID: 100100000}
  m_GameObject: {fileID: 1000010147778992}
  m_Enabled: 1
  m_EditorHideFlags: 0
  m_Script: {fileID: 11500000, guid: 65b50a330c5565c45b8485492ca670a7, type: 3}
  m_Name: 
  m_EditorClassIdentifier: 
  trailPrefab: {fileID: 198000013064453264, guid: c2960d1e5a9d86447a06cc54748b661e,
    type: 2}
  torqueType: 2
  gravityDriven: 0
  rotateToTraj: 1
  stopOnCollision: 1
  attachOnCollision: 0
  projectileLifetime: 5
  renderOnPlace: 1
  fadeOutSpeed: 0.1
  useWeaponValues: 1
  projectileDamage: 600
  projectilePenetration: 0
  projectileForceMod: 0.2
  projectileDamageType: 2
  projectileDamageEffect: 3
  s_Impact: explosion_small_01
  ignoreRace: 1
  explosiveDamage: 100
  explosiveRadius: 10
  explosiveDamagePenetration: 0.5
  explosiveForceMod: 0.25
  detonationDelay: 0
  damageOverLifetime: 0
  explosiveDamageType: 0
  explosiveDamageEffect: 2
  activationType: 1
  effectPrefab: {fileID: 19888690, guid: 667a44ec93ae60c4cb1394424b6dd434, type: 2}
  scarPrefab: {fileID: 0}
  scarDuration: 0
  s_Explode: explosion_small_01
  s_Engine: missile_launch_05
  missileVelocity: 35
  trajectoryType: 1
  trajPointFreq: 5
  trajVar: 0
  engineLifetime: 10
  apexParticlePrefab: {fileID: 198000014085465782, guid: d161f5108a7cb4487b994eb753f14399,
    type: 2}
--- !u!136 &136000013468345576
CapsuleCollider:
  m_ObjectHideFlags: 1
  m_PrefabParentObject: {fileID: 0}
  m_PrefabInternal: {fileID: 100100000}
  m_GameObject: {fileID: 1000010147778992}
  m_Material: {fileID: 0}
  m_IsTrigger: 1
  m_Enabled: 1
  m_Radius: 0.14
  m_Height: 1.44
  m_Direction: 2
  m_Center: {x: 0, y: 0, z: 0}
