%YAML 1.1
%TAG !u! tag:unity3d.com,2011:
--- !u!1001 &100100000
Prefab:
  m_ObjectHideFlags: 1
  serializedVersion: 2
  m_Modification:
    m_TransformParent: {fileID: 0}
    m_Modifications: []
    m_RemovedComponents: []
  m_ParentPrefab: {fileID: 0}
  m_RootGameObject: {fileID: 1000011219599618}
  m_IsPrefabParent: 1
--- !u!1 &1000010089139100
GameObject:
  m_ObjectHideFlags: 1
  m_PrefabParentObject: {fileID: 0}
  m_PrefabInternal: {fileID: 100100000}
  serializedVersion: 5
  m_Component:
  - component: {fileID: 4000012973592632}
  m_Layer: 14
  m_Name: Hat_jnt
  m_TagString: Untagged
  m_Icon: {fileID: 0}
  m_NavMeshLayer: 0
  m_StaticEditorFlags: 0
  m_IsActive: 1
--- !u!1 &1000010887535640
GameObject:
  m_ObjectHideFlags: 1
  m_PrefabParentObject: {fileID: 0}
  m_PrefabInternal: {fileID: 100100000}
  serializedVersion: 5
  m_Component:
  - component: {fileID: 4000013404077924}
  m_Layer: 14
  m_Name: Hips_jnt
  m_TagString: Untagged
  m_Icon: {fileID: 0}
  m_NavMeshLayer: 0
  m_StaticEditorFlags: 0
  m_IsActive: 1
--- !u!1 &1000011087980326
GameObject:
  m_ObjectHideFlags: 1
  m_PrefabParentObject: {fileID: 0}
  m_PrefabInternal: {fileID: 100100000}
  serializedVersion: 5
  m_Component:
  - component: {fileID: 4000014182009716}
  m_Layer: 14
  m_Name: Spine_jnt
  m_TagString: Untagged
  m_Icon: {fileID: 0}
  m_NavMeshLayer: 0
  m_StaticEditorFlags: 0
  m_IsActive: 1
--- !u!1 &1000011219599618
GameObject:
  m_ObjectHideFlags: 0
  m_PrefabParentObject: {fileID: 0}
  m_PrefabInternal: {fileID: 100100000}
  serializedVersion: 5
  m_Component:
  - component: {fileID: 4000011390006696}
  - component: {fileID: 95000011939103104}
  - component: {fileID: 195000012314956470}
  - component: {fileID: 114000010497616378}
  - component: {fileID: 114000010791072238}
  - component: {fileID: 114415787893074716}
  m_Layer: 14
  m_Name: ZX_Char_Businessman_Civilian
  m_TagString: Untagged
  m_Icon: {fileID: 0}
  m_NavMeshLayer: 0
  m_StaticEditorFlags: 0
  m_IsActive: 1
--- !u!1 &1000011421425010
GameObject:
  m_ObjectHideFlags: 1
  m_PrefabParentObject: {fileID: 0}
  m_PrefabInternal: {fileID: 100100000}
  serializedVersion: 5
  m_Component:
  - component: {fileID: 4000011324029318}
  m_Layer: 14
  m_Name: UpperLeg_Left_jnt
  m_TagString: Untagged
  m_Icon: {fileID: 0}
  m_NavMeshLayer: 0
  m_StaticEditorFlags: 0
  m_IsActive: 1
--- !u!1 &1000011463961518
GameObject:
  m_ObjectHideFlags: 1
  m_PrefabParentObject: {fileID: 0}
  m_PrefabInternal: {fileID: 100100000}
  serializedVersion: 5
  m_Component:
  - component: {fileID: 4000012531749574}
  m_Layer: 14
  m_Name: LowerLeg_Left_jnt
  m_TagString: Untagged
  m_Icon: {fileID: 0}
  m_NavMeshLayer: 0
  m_StaticEditorFlags: 0
  m_IsActive: 1
--- !u!1 &1000011552897998
GameObject:
  m_ObjectHideFlags: 1
  m_PrefabParentObject: {fileID: 0}
  m_PrefabInternal: {fileID: 100100000}
  serializedVersion: 5
  m_Component:
  - component: {fileID: 4000011069929352}
  m_Layer: 14
  m_Name: Hand_Left_jnt
  m_TagString: Untagged
  m_Icon: {fileID: 0}
  m_NavMeshLayer: 0
  m_StaticEditorFlags: 0
  m_IsActive: 1
--- !u!1 &1000011556128262
GameObject:
  m_ObjectHideFlags: 1
  m_PrefabParentObject: {fileID: 0}
  m_PrefabInternal: {fileID: 100100000}
  serializedVersion: 5
  m_Component:
  - component: {fileID: 4000010503229532}
  m_Layer: 14
  m_Name: LowerArm_Right_jnt
  m_TagString: Untagged
  m_Icon: {fileID: 0}
  m_NavMeshLayer: 0
  m_StaticEditorFlags: 0
  m_IsActive: 1
--- !u!1 &1000011584857050
GameObject:
  m_ObjectHideFlags: 1
  m_PrefabParentObject: {fileID: 0}
  m_PrefabInternal: {fileID: 100100000}
  serializedVersion: 5
  m_Component:
  - component: {fileID: 4000013529009850}
  m_Layer: 14
  m_Name: LowerArm_Left_jnt
  m_TagString: Untagged
  m_Icon: {fileID: 0}
  m_NavMeshLayer: 0
  m_StaticEditorFlags: 0
  m_IsActive: 1
--- !u!1 &1000012141435802
GameObject:
  m_ObjectHideFlags: 1
  m_PrefabParentObject: {fileID: 0}
  m_PrefabInternal: {fileID: 100100000}
  serializedVersion: 5
  m_Component:
  - component: {fileID: 4000012128345632}
  m_Layer: 14
  m_Name: Hand_Right_jnt
  m_TagString: Untagged
  m_Icon: {fileID: 0}
  m_NavMeshLayer: 0
  m_StaticEditorFlags: 0
  m_IsActive: 1
--- !u!1 &1000012521538052
GameObject:
  m_ObjectHideFlags: 1
  m_PrefabParentObject: {fileID: 0}
  m_PrefabInternal: {fileID: 100100000}
  serializedVersion: 5
  m_Component:
  - component: {fileID: 4000010492947540}
  m_Layer: 14
  m_Name: Body_jnt
  m_TagString: Untagged
  m_Icon: {fileID: 0}
  m_NavMeshLayer: 0
  m_StaticEditorFlags: 0
  m_IsActive: 1
--- !u!1 &1000012820401134
GameObject:
  m_ObjectHideFlags: 1
  m_PrefabParentObject: {fileID: 0}
  m_PrefabInternal: {fileID: 100100000}
  serializedVersion: 5
  m_Component:
  - component: {fileID: 4000011950736052}
  m_Layer: 14
  m_Name: Foot_Left_jnt
  m_TagString: Untagged
  m_Icon: {fileID: 0}
  m_NavMeshLayer: 0
  m_StaticEditorFlags: 0
  m_IsActive: 1
--- !u!1 &1000012857324406
GameObject:
  m_ObjectHideFlags: 1
  m_PrefabParentObject: {fileID: 0}
  m_PrefabInternal: {fileID: 100100000}
  serializedVersion: 5
  m_Component:
  - component: {fileID: 4000010076594894}
  m_Layer: 14
  m_Name: UpperLeg_Right_jnt
  m_TagString: Untagged
  m_Icon: {fileID: 0}
  m_NavMeshLayer: 0
  m_StaticEditorFlags: 0
  m_IsActive: 1
--- !u!1 &1000012922230772
GameObject:
  m_ObjectHideFlags: 0
  m_PrefabParentObject: {fileID: 0}
  m_PrefabInternal: {fileID: 100100000}
  serializedVersion: 5
  m_Component:
  - component: {fileID: 4000014248086410}
  - component: {fileID: 137000010655152374}
  m_Layer: 14
  m_Name: Emo_mesh
  m_TagString: Untagged
  m_Icon: {fileID: 0}
  m_NavMeshLayer: 0
  m_StaticEditorFlags: 0
  m_IsActive: 1
--- !u!1 &1000012945338632
GameObject:
  m_ObjectHideFlags: 0
  m_PrefabParentObject: {fileID: 0}
  m_PrefabInternal: {fileID: 100100000}
  serializedVersion: 5
  m_Component:
  - component: {fileID: 4000013511247850}
  - component: {fileID: 137000012239733296}
  m_Layer: 14
  m_Name: Base_mesh
  m_TagString: Untagged
  m_Icon: {fileID: 0}
  m_NavMeshLayer: 0
  m_StaticEditorFlags: 0
  m_IsActive: 1
--- !u!1 &1000013503362412
GameObject:
  m_ObjectHideFlags: 1
  m_PrefabParentObject: {fileID: 0}
  m_PrefabInternal: {fileID: 100100000}
  serializedVersion: 5
  m_Component:
  - component: {fileID: 4000013539848722}
  m_Layer: 14
  m_Name: UpperArm_Left_jnt
  m_TagString: Untagged
  m_Icon: {fileID: 0}
  m_NavMeshLayer: 0
  m_StaticEditorFlags: 0
  m_IsActive: 1
--- !u!1 &1000013553756558
GameObject:
  m_ObjectHideFlags: 1
  m_PrefabParentObject: {fileID: 0}
  m_PrefabInternal: {fileID: 100100000}
  serializedVersion: 5
  m_Component:
  - component: {fileID: 4000013277026944}
  m_Layer: 14
  m_Name: UpperArm_Right_jnt
  m_TagString: Untagged
  m_Icon: {fileID: 0}
  m_NavMeshLayer: 0
  m_StaticEditorFlags: 0
  m_IsActive: 1
--- !u!1 &1000013618072830
GameObject:
  m_ObjectHideFlags: 0
  m_PrefabParentObject: {fileID: 0}
  m_PrefabInternal: {fileID: 100100000}
  serializedVersion: 5
  m_Component:
  - component: {fileID: 4000013412821400}
  m_Layer: 14
  m_Name: Root_jnt
  m_TagString: Untagged
  m_Icon: {fileID: 0}
  m_NavMeshLayer: 0
  m_StaticEditorFlags: 0
  m_IsActive: 1
--- !u!1 &1000013879731448
GameObject:
  m_ObjectHideFlags: 1
  m_PrefabParentObject: {fileID: 0}
  m_PrefabInternal: {fileID: 100100000}
  serializedVersion: 5
  m_Component:
  - component: {fileID: 4000011840694748}
  m_Layer: 14
  m_Name: Foot_Right_jnt
  m_TagString: Untagged
  m_Icon: {fileID: 0}
  m_NavMeshLayer: 0
  m_StaticEditorFlags: 0
  m_IsActive: 1
--- !u!1 &1000013973554376
GameObject:
  m_ObjectHideFlags: 1
  m_PrefabParentObject: {fileID: 0}
  m_PrefabInternal: {fileID: 100100000}
  serializedVersion: 5
  m_Component:
  - component: {fileID: 4000010901647196}
  m_Layer: 14
  m_Name: LowerLeg_Right_jnt
  m_TagString: Untagged
  m_Icon: {fileID: 0}
  m_NavMeshLayer: 0
  m_StaticEditorFlags: 0
  m_IsActive: 1
--- !u!1 &1000014197301098
GameObject:
  m_ObjectHideFlags: 1
  m_PrefabParentObject: {fileID: 0}
  m_PrefabInternal: {fileID: 100100000}
  serializedVersion: 5
  m_Component:
  - component: {fileID: 4000012682319774}
  m_Layer: 14
  m_Name: Head_jnt
  m_TagString: Untagged
  m_Icon: {fileID: 0}
  m_NavMeshLayer: 0
  m_StaticEditorFlags: 0
  m_IsActive: 1
--- !u!4 &4000010076594894
Transform:
  m_ObjectHideFlags: 1
  m_PrefabParentObject: {fileID: 0}
  m_PrefabInternal: {fileID: 100100000}
  m_GameObject: {fileID: 1000012857324406}
  m_LocalRotation: {x: -0.49918568, y: 0.8664699, z: 0.0057249973, w: -0.0032841142}
  m_LocalPosition: {x: 0.12763838, y: -0.22304337, z: 0}
  m_LocalScale: {x: 1, y: 1, z: 1}
  m_Children:
  - {fileID: 4000010901647196}
  m_Father: {fileID: 4000013404077924}
  m_RootOrder: 2
  m_LocalEulerAnglesHint: {x: 0, y: 0, z: 0}
--- !u!4 &4000010492947540
Transform:
  m_ObjectHideFlags: 1
  m_PrefabParentObject: {fileID: 0}
  m_PrefabInternal: {fileID: 100100000}
  m_GameObject: {fileID: 1000012521538052}
  m_LocalRotation: {x: 0, y: 0, z: 0.86650366, w: -0.49917075}
  m_LocalPosition: {x: 0.009555898, y: 0.016478358, z: 0}
  m_LocalScale: {x: 1, y: 1, z: 1}
  m_Children:
  - {fileID: 4000014182009716}
  m_Father: {fileID: 4000013404077924}
  m_RootOrder: 0
  m_LocalEulerAnglesHint: {x: 0, y: 0, z: 0}
--- !u!4 &4000010503229532
Transform:
  m_ObjectHideFlags: 1
  m_PrefabParentObject: {fileID: 0}
  m_PrefabInternal: {fileID: 100100000}
  m_GameObject: {fileID: 1000011556128262}
  m_LocalRotation: {x: 6.627657e-19, y: 1.2246469e-16, z: -6.1322475e-16, w: -1}
  m_LocalPosition: {x: -0.47118998, y: 5.684342e-16, z: -5.770413e-17}
  m_LocalScale: {x: 1, y: 1, z: 1}
  m_Children:
  - {fileID: 4000012128345632}
  m_Father: {fileID: 4000013277026944}
  m_RootOrder: 0
  m_LocalEulerAnglesHint: {x: 0, y: 0, z: 0}
--- !u!4 &4000010901647196
Transform:
  m_ObjectHideFlags: 1
  m_PrefabParentObject: {fileID: 0}
  m_PrefabInternal: {fileID: 100100000}
  m_GameObject: {fileID: 1000013973554376}
  m_LocalRotation: {x: -0.70410997, y: -0.000030960506, z: 0.00005181963, w: 0.710091}
  m_LocalPosition: {x: 0.374522, y: 2.4868996e-16, z: -1.0987412e-12}
  m_LocalScale: {x: 1, y: 1, z: 1}
  m_Children:
  - {fileID: 4000011840694748}
  m_Father: {fileID: 4000010076594894}
  m_RootOrder: 0
  m_LocalEulerAnglesHint: {x: 0, y: 0, z: 0}
--- !u!4 &4000011069929352
Transform:
  m_ObjectHideFlags: 1
  m_PrefabParentObject: {fileID: 0}
  m_PrefabInternal: {fileID: 100100000}
  m_GameObject: {fileID: 1000011552897998}
  m_LocalRotation: {x: 6.123234e-17, y: 1, z: -6.123234e-17, w: -6.123234e-17}
  m_LocalPosition: {x: 0.4403, y: 0, z: 5.39209e-17}
  m_LocalScale: {x: 1, y: 1, z: 1}
  m_Children: []
  m_Father: {fileID: 4000013529009850}
  m_RootOrder: 0
  m_LocalEulerAnglesHint: {x: 0, y: 0, z: 0}
--- !u!4 &4000011324029318
Transform:
  m_ObjectHideFlags: 1
  m_PrefabParentObject: {fileID: 0}
  m_PrefabInternal: {fileID: 100100000}
  m_GameObject: {fileID: 1000011421425010}
  m_LocalRotation: {x: -0.00013712107, y: -0.00008421768, z: 0.49917465, w: 0.8665014}
  m_LocalPosition: {x: -0.25698245, y: -1.4210854e-16, z: 0}
  m_LocalScale: {x: 1, y: 1, z: 1}
  m_Children:
  - {fileID: 4000012531749574}
  m_Father: {fileID: 4000013404077924}
  m_RootOrder: 1
  m_LocalEulerAnglesHint: {x: 0, y: 0, z: 0}
--- !u!4 &4000011390006696
Transform:
  m_ObjectHideFlags: 1
  m_PrefabParentObject: {fileID: 0}
  m_PrefabInternal: {fileID: 100100000}
  m_GameObject: {fileID: 1000011219599618}
  m_LocalRotation: {x: 0, y: 0, z: 0, w: 1}
  m_LocalPosition: {x: -60.24, y: 0, z: 57.80629}
  m_LocalScale: {x: 1, y: 1, z: 1}
  m_Children:
  - {fileID: 4000013412821400}
  - {fileID: 4000013511247850}
  - {fileID: 4000014248086410}
  m_Father: {fileID: 0}
  m_RootOrder: 0
  m_LocalEulerAnglesHint: {x: 0, y: 0, z: 0}
--- !u!4 &4000011840694748
Transform:
  m_ObjectHideFlags: 1
  m_PrefabParentObject: {fileID: 0}
  m_PrefabInternal: {fileID: 100100000}
  m_GameObject: {fileID: 1000013879731448}
  m_LocalRotation: {x: -0.5011712, y: -0.5011969, z: 0.49882895, w: -0.49879733}
  m_LocalPosition: {x: 0.388744, y: 8.197135e-12, z: -3.6907224e-11}
  m_LocalScale: {x: 1, y: 1, z: 1}
  m_Children: []
  m_Father: {fileID: 4000010901647196}
  m_RootOrder: 0
  m_LocalEulerAnglesHint: {x: 0, y: 0, z: 0}
--- !u!4 &4000011950736052
Transform:
  m_ObjectHideFlags: 1
  m_PrefabParentObject: {fileID: 0}
  m_PrefabInternal: {fileID: 100100000}
  m_GameObject: {fileID: 1000012820401134}
  m_LocalRotation: {x: 0.5004223, y: 0.50042224, z: -0.49957308, w: 0.49958178}
  m_LocalPosition: {x: -0.38874373, y: 1.2252568e-17, z: 7.3426066e-12}
  m_LocalScale: {x: 1, y: 1, z: 1}
  m_Children: []
  m_Father: {fileID: 4000012531749574}
  m_RootOrder: 0
  m_LocalEulerAnglesHint: {x: 0, y: 0, z: 0}
--- !u!4 &4000012128345632
Transform:
  m_ObjectHideFlags: 1
  m_PrefabParentObject: {fileID: 0}
  m_PrefabInternal: {fileID: 100100000}
  m_GameObject: {fileID: 1000012141435802}
  m_LocalRotation: {x: 6.123234e-17, y: 1, z: -6.123234e-17, w: 6.123234e-17}
  m_LocalPosition: {x: -0.4403, y: -8.5265126e-16, z: -5.3921198e-17}
  m_LocalScale: {x: 1, y: 1, z: 1}
  m_Children: []
  m_Father: {fileID: 4000010503229532}
  m_RootOrder: 0
  m_LocalEulerAnglesHint: {x: 0, y: 0, z: 0}
--- !u!4 &4000012531749574
Transform:
  m_ObjectHideFlags: 1
  m_PrefabParentObject: {fileID: 0}
  m_PrefabInternal: {fileID: 100100000}
  m_GameObject: {fileID: 1000011463961518}
  m_LocalRotation: {x: -0.7075902, y: 0.000006446892, z: -0.0000061459123, w: 0.706623}
  m_LocalPosition: {x: -0.37452164, y: -3.5527136e-17, z: -2.7105054e-22}
  m_LocalScale: {x: 1, y: 1, z: 1}
  m_Children:
  - {fileID: 4000011950736052}
  m_Father: {fileID: 4000011324029318}
  m_RootOrder: 0
  m_LocalEulerAnglesHint: {x: 0, y: 0, z: 0}
--- !u!4 &4000012682319774
Transform:
  m_ObjectHideFlags: 1
  m_PrefabParentObject: {fileID: 0}
  m_PrefabInternal: {fileID: 100100000}
  m_GameObject: {fileID: 1000014197301098}
  m_LocalRotation: {x: 0, y: 0, z: -1.8873791e-15, w: 1}
  m_LocalPosition: {x: -0.3106261, y: 6.897285e-17, z: 0}
  m_LocalScale: {x: 1, y: 1, z: 1}
  m_Children:
  - {fileID: 4000012973592632}
  m_Father: {fileID: 4000014182009716}
  m_RootOrder: 0
  m_LocalEulerAnglesHint: {x: 0, y: 0, z: 0}
--- !u!4 &4000012973592632
Transform:
  m_ObjectHideFlags: 1
  m_PrefabParentObject: {fileID: 0}
  m_PrefabInternal: {fileID: 100100000}
  m_GameObject: {fileID: 1000010089139100}
  m_LocalRotation: {x: 3.699412e-16, y: -1.5076529e-16, z: 0.7071068, w: 0.7071068}
  m_LocalPosition: {x: -0.54227096, y: 1.2040834e-16, z: 0}
  m_LocalScale: {x: 1, y: 1, z: 1}
  m_Children: []
  m_Father: {fileID: 4000012682319774}
  m_RootOrder: 0
  m_LocalEulerAnglesHint: {x: 0, y: 0, z: 0}
--- !u!4 &4000013277026944
Transform:
  m_ObjectHideFlags: 1
  m_PrefabParentObject: {fileID: 0}
  m_PrefabInternal: {fileID: 100100000}
  m_GameObject: {fileID: 1000013553756558}
  m_LocalRotation: {x: 6.123234e-17, y: 1, z: 6.123234e-17, w: 1.2246469e-16}
  m_LocalPosition: {x: -0.21910845, y: 0.565232, z: 0}
  m_LocalScale: {x: 1, y: 1, z: 1}
  m_Children:
  - {fileID: 4000010503229532}
  m_Father: {fileID: 4000014182009716}
  m_RootOrder: 2
  m_LocalEulerAnglesHint: {x: 0, y: 0, z: 0}
--- !u!4 &4000013404077924
Transform:
  m_ObjectHideFlags: 1
  m_PrefabParentObject: {fileID: 0}
  m_PrefabInternal: {fileID: 100100000}
  m_GameObject: {fileID: 1000010887535640}
  m_LocalRotation: {x: 0, y: 0, z: 0.2597436, w: 0.9656776}
  m_LocalPosition: {x: 0, y: 1.0449876, z: 0}
  m_LocalScale: {x: 1, y: 1, z: 1}
  m_Children:
  - {fileID: 4000010492947540}
  - {fileID: 4000011324029318}
  - {fileID: 4000010076594894}
  m_Father: {fileID: 4000013412821400}
  m_RootOrder: 0
  m_LocalEulerAnglesHint: {x: 0, y: 0, z: 0}
--- !u!4 &4000013412821400
Transform:
  m_ObjectHideFlags: 1
  m_PrefabParentObject: {fileID: 0}
  m_PrefabInternal: {fileID: 100100000}
  m_GameObject: {fileID: 1000013618072830}
  m_LocalRotation: {x: 0, y: 0, z: 0, w: 1}
  m_LocalPosition: {x: 0, y: 0, z: 0}
  m_LocalScale: {x: 1, y: 1, z: 1}
  m_Children:
  - {fileID: 4000013404077924}
  m_Father: {fileID: 4000011390006696}
  m_RootOrder: 0
  m_LocalEulerAnglesHint: {x: 0, y: 0, z: 0}
--- !u!4 &4000013511247850
Transform:
  m_ObjectHideFlags: 1
  m_PrefabParentObject: {fileID: 0}
  m_PrefabInternal: {fileID: 100100000}
  m_GameObject: {fileID: 1000012945338632}
  m_LocalRotation: {x: 0, y: -0, z: -0, w: 1}
  m_LocalPosition: {x: -0, y: 0, z: 0}
  m_LocalScale: {x: 1, y: 1, z: 1}
  m_Children: []
  m_Father: {fileID: 4000011390006696}
  m_RootOrder: 1
  m_LocalEulerAnglesHint: {x: 0, y: 0, z: 0}
--- !u!4 &4000013529009850
Transform:
  m_ObjectHideFlags: 1
  m_PrefabParentObject: {fileID: 0}
  m_PrefabInternal: {fileID: 100100000}
  m_GameObject: {fileID: 1000011584857050}
  m_LocalRotation: {x: 0, y: 0, z: -3.330669e-15, w: 1}
  m_LocalPosition: {x: 0.471188, y: -2.842171e-16, z: 5.77041e-17}
  m_LocalScale: {x: 1, y: 1, z: 1}
  m_Children:
  - {fileID: 4000011069929352}
  m_Father: {fileID: 4000013539848722}
  m_RootOrder: 0
  m_LocalEulerAnglesHint: {x: 0, y: 0, z: 0}
--- !u!4 &4000013539848722
Transform:
  m_ObjectHideFlags: 1
  m_PrefabParentObject: {fileID: 0}
  m_PrefabInternal: {fileID: 100100000}
  m_GameObject: {fileID: 1000013503362412}
  m_LocalRotation: {x: 0, y: 0, z: 1.6538961e-15, w: 1}
  m_LocalPosition: {x: -0.21910845, y: -0.565232, z: 0}
  m_LocalScale: {x: 1, y: 1, z: 1}
  m_Children:
  - {fileID: 4000013529009850}
  m_Father: {fileID: 4000014182009716}
  m_RootOrder: 1
  m_LocalEulerAnglesHint: {x: 0, y: 0, z: 0}
--- !u!4 &4000014182009716
Transform:
  m_ObjectHideFlags: 1
  m_PrefabParentObject: {fileID: 0}
  m_PrefabInternal: {fileID: 100100000}
  m_GameObject: {fileID: 1000011087980326}
  m_LocalRotation: {x: 0, y: 0, z: -1.6657682e-15, w: 1}
  m_LocalPosition: {x: -0.6703252, y: 1.488421e-16, z: 0}
  m_LocalScale: {x: 1, y: 1, z: 1}
  m_Children:
  - {fileID: 4000012682319774}
  - {fileID: 4000013539848722}
  - {fileID: 4000013277026944}
  m_Father: {fileID: 4000010492947540}
  m_RootOrder: 0
  m_LocalEulerAnglesHint: {x: 0, y: 0, z: 0}
--- !u!4 &4000014248086410
Transform:
  m_ObjectHideFlags: 1
  m_PrefabParentObject: {fileID: 0}
  m_PrefabInternal: {fileID: 100100000}
  m_GameObject: {fileID: 1000012922230772}
  m_LocalRotation: {x: 0, y: -0, z: -0, w: 1}
  m_LocalPosition: {x: -0, y: 0, z: 0}
  m_LocalScale: {x: 1, y: 1, z: 1}
  m_Children: []
  m_Father: {fileID: 4000011390006696}
  m_RootOrder: 2
  m_LocalEulerAnglesHint: {x: 0, y: 0, z: 0}
--- !u!95 &95000011939103104
Animator:
  serializedVersion: 3
  m_ObjectHideFlags: 1
  m_PrefabParentObject: {fileID: 0}
  m_PrefabInternal: {fileID: 100100000}
  m_GameObject: {fileID: 1000011219599618}
  m_Enabled: 1
  m_Avatar: {fileID: 9000000, guid: 255377ae1700518438342ed74889e165, type: 3}
  m_Controller: {fileID: 9100000, guid: a2aa1a62e1bcc4a179db44b657eacac8, type: 2}
  m_CullingMode: 1
  m_UpdateMode: 0
  m_ApplyRootMotion: 1
  m_LinearVelocityBlending: 0
  m_WarningMessage: 
  m_HasTransformHierarchy: 1
  m_AllowConstantClipSamplingOptimization: 1
--- !u!114 &114000010497616378
MonoBehaviour:
  m_ObjectHideFlags: 1
  m_PrefabParentObject: {fileID: 0}
  m_PrefabInternal: {fileID: 100100000}
  m_GameObject: {fileID: 1000011219599618}
  m_Enabled: 1
  m_EditorHideFlags: 0
  m_Script: {fileID: 11500000, guid: 6d406d8b892f54ccaa5b0ef4de59944a, type: 3}
  m_Name: 
  m_EditorClassIdentifier: 
  fixTransforms: 1
  references:
    root: {fileID: 4000011390006696}
    pelvis: {fileID: 4000013404077924}
    leftThigh: {fileID: 4000011324029318}
    leftCalf: {fileID: 4000012531749574}
    leftFoot: {fileID: 4000011950736052}
    rightThigh: {fileID: 4000010076594894}
    rightCalf: {fileID: 4000010901647196}
    rightFoot: {fileID: 4000011840694748}
    leftUpperArm: {fileID: 4000013539848722}
    leftForearm: {fileID: 4000013529009850}
    leftHand: {fileID: 4000011069929352}
    rightUpperArm: {fileID: 4000013277026944}
    rightForearm: {fileID: 4000010503229532}
    rightHand: {fileID: 4000012128345632}
    head: {fileID: 4000012682319774}
    spine:
    - {fileID: 4000010492947540}
    - {fileID: 4000014182009716}
    eyes: []
  solvers:
    leftFoot:
      IKPosition: {x: -60.462307, y: 0.15280509, z: 57.806282}
      IKPositionWeight: 0
      root: {fileID: 4000011390006696}
      target: {fileID: 0}
      IKRotationWeight: 0
      IKRotation: {x: 0.000000016914615, y: 0.000000063225016, z: -0.00000008940697,
        w: 1}
      bendNormal: {x: 1, y: 0, z: 0}
      bone1:
        transform: {fileID: 4000011324029318}
        weight: 1
        solverPosition: {x: 0, y: 0, z: 0}
        solverRotation: {x: 0, y: 0, z: 0, w: 1}
        defaultLocalPosition: {x: -0.25698245, y: -1.4210854e-16, z: 0}
        defaultLocalRotation: {x: -0.00013712107, y: -0.00008421768, z: 0.49917465,
          w: 0.8665014}
        length: 0
        sqrMag: 0
        axis: {x: -1, y: -0, z: -0}
      bone2:
        transform: {fileID: 4000012531749574}
        weight: 1
        solverPosition: {x: 0, y: 0, z: 0}
        solverRotation: {x: 0, y: 0, z: 0, w: 1}
        defaultLocalPosition: {x: -0.37452164, y: -3.5527136e-17, z: -2.7105054e-22}
        defaultLocalRotation: {x: -0.7075902, y: 0.000006446892, z: -0.0000061459123,
          w: 0.706623}
        length: 0
        sqrMag: 0
        axis: {x: -1, y: -0, z: -0}
      bone3:
        transform: {fileID: 4000011950736052}
        weight: 1
        solverPosition: {x: 0, y: 0, z: 0}
        solverRotation: {x: 0, y: 0, z: 0, w: 1}
        defaultLocalPosition: {x: -0.38874373, y: 1.2252568e-17, z: 7.3426066e-12}
        defaultLocalRotation: {x: 0.5004223, y: 0.50042224, z: -0.49957308, w: 0.49958178}
        length: 0
        sqrMag: 0
        axis: {x: -1, y: -0, z: -0}
      goal: 0
      bendModifier: 0
      maintainRotationWeight: 0
      bendModifierWeight: 1
      bendGoal: {fileID: 0}
    rightFoot:
      IKPosition: {x: -60.017696, y: 0.15280479, z: 57.806282}
      IKPositionWeight: 0
      root: {fileID: 4000011390006696}
      target: {fileID: 0}
      IKRotationWeight: 0
      IKRotation: {x: 1, y: 0.000000029802322, z: 0.00000002254772, w: 0.000000016599177}
      bendNormal: {x: -0.0000029658822, y: 1.7462298e-10, z: -0.000017469776}
      bone1:
        transform: {fileID: 4000010076594894}
        weight: 1
        solverPosition: {x: 0, y: 0, z: 0}
        solverRotation: {x: 0, y: 0, z: 0, w: 1}
        defaultLocalPosition: {x: 0.12763838, y: -0.22304337, z: 0}
        defaultLocalRotation: {x: -0.49918568, y: 0.8664699, z: 0.0057249973, w: -0.0032841142}
        length: 0
        sqrMag: 0
        axis: {x: -1, y: -0, z: -0}
      bone2:
        transform: {fileID: 4000010901647196}
        weight: 1
        solverPosition: {x: 0, y: 0, z: 0}
        solverRotation: {x: 0, y: 0, z: 0, w: 1}
        defaultLocalPosition: {x: 0.374522, y: 2.4868996e-16, z: -1.0987412e-12}
        defaultLocalRotation: {x: -0.70410997, y: -0.000030960506, z: 0.00005181963,
          w: 0.710091}
        length: 0
        sqrMag: 0
        axis: {x: -1, y: -0, z: -0}
      bone3:
        transform: {fileID: 4000011840694748}
        weight: 1
        solverPosition: {x: 0, y: 0, z: 0}
        solverRotation: {x: 0, y: 0, z: 0, w: 1}
        defaultLocalPosition: {x: 0.388744, y: 8.197135e-12, z: -3.6907224e-11}
        defaultLocalRotation: {x: -0.5011712, y: -0.5011969, z: 0.49882895, w: -0.49879733}
        length: 0
        sqrMag: 0
        axis: {x: -1, y: -0, z: -0}
      goal: 1
      bendModifier: 0
      maintainRotationWeight: 0
      bendModifierWeight: 1
      bendGoal: {fileID: 0}
    leftHand:
      IKPosition: {x: -60.805233, y: 1.0419819, z: 57.80629}
      IKPositionWeight: 0
      root: {fileID: 4000011390006696}
      target: {fileID: 0}
      IKRotationWeight: 0
      IKRotation: {x: -0.7071068, y: -0.7071068, z: 3.3087225e-24, w: 8.659561e-17}
      bendNormal: {x: 1, y: 0, z: 0}
      bone1:
        transform: {fileID: 4000013539848722}
        weight: 1
        solverPosition: {x: 0, y: 0, z: 0}
        solverRotation: {x: 0, y: 0, z: 0, w: 1}
        defaultLocalPosition: {x: -0.21910845, y: -0.565232, z: 0}
        defaultLocalRotation: {x: 0, y: 0, z: 1.6538961e-15, w: 1}
        length: 0
        sqrMag: 0
        axis: {x: -1, y: -0, z: -0}
      bone2:
        transform: {fileID: 4000013529009850}
        weight: 1
        solverPosition: {x: 0, y: 0, z: 0}
        solverRotation: {x: 0, y: 0, z: 0, w: 1}
        defaultLocalPosition: {x: 0.471188, y: -2.842171e-16, z: 5.77041e-17}
        defaultLocalRotation: {x: 0, y: 0, z: -3.330669e-15, w: 1}
        length: 0
        sqrMag: 0
        axis: {x: -1, y: -0, z: -0}
      bone3:
        transform: {fileID: 4000011069929352}
        weight: 1
        solverPosition: {x: 0, y: 0, z: 0}
        solverRotation: {x: 0, y: 0, z: 0, w: 1}
        defaultLocalPosition: {x: 0.4403, y: 0, z: 5.39209e-17}
        defaultLocalRotation: {x: 6.123234e-17, y: 1, z: -6.123234e-17, w: -6.123234e-17}
        length: 0
        sqrMag: 0
        axis: {x: -1, y: -0, z: -0}
      goal: 2
      bendModifier: 0
      maintainRotationWeight: 0
      bendModifierWeight: 1
      bendGoal: {fileID: 0}
    rightHand:
      IKPosition: {x: -59.67477, y: 1.04198, z: 57.80629}
      IKPositionWeight: 0
      root: {fileID: 4000011390006696}
      target: {fileID: 0}
      IKRotationWeight: 0
      IKRotation: {x: 1.2942477e-16, y: 3.0355326e-16, z: 0.7071068, w: -0.7071068}
      bendNormal: {x: 1, y: 0, z: 0}
      bone1:
        transform: {fileID: 4000013277026944}
        weight: 1
        solverPosition: {x: 0, y: 0, z: 0}
        solverRotation: {x: 0, y: 0, z: 0, w: 1}
        defaultLocalPosition: {x: -0.21910845, y: 0.565232, z: 0}
        defaultLocalRotation: {x: 6.123234e-17, y: 1, z: 6.123234e-17, w: 1.2246469e-16}
        length: 0
        sqrMag: 0
        axis: {x: -1, y: -0, z: -0}
      bone2:
        transform: {fileID: 4000010503229532}
        weight: 1
        solverPosition: {x: 0, y: 0, z: 0}
        solverRotation: {x: 0, y: 0, z: 0, w: 1}
        defaultLocalPosition: {x: -0.47118998, y: 5.684342e-16, z: -5.770413e-17}
        defaultLocalRotation: {x: 6.627657e-19, y: 1.2246469e-16, z: -6.1322475e-16,
          w: -1}
        length: 0
        sqrMag: 0
        axis: {x: -1, y: -0, z: -0}
      bone3:
        transform: {fileID: 4000012128345632}
        weight: 1
        solverPosition: {x: 0, y: 0, z: 0}
        solverRotation: {x: 0, y: 0, z: 0, w: 1}
        defaultLocalPosition: {x: -0.4403, y: -8.5265126e-16, z: -5.3921198e-17}
        defaultLocalRotation: {x: 6.123234e-17, y: 1, z: -6.123234e-17, w: 6.123234e-17}
        length: 0
        sqrMag: 0
        axis: {x: -1, y: -0, z: -0}
      goal: 3
      bendModifier: 0
      maintainRotationWeight: 0
      bendModifierWeight: 1
      bendGoal: {fileID: 0}
    spine:
      IKPosition: {x: -60.24, y: 1.7343614, z: 57.80629}
      IKPositionWeight: 0
      root: {fileID: 4000011390006696}
      target: {fileID: 0}
      tolerance: 0
      maxIterations: 2
      useRotationLimits: 0
      XY: 0
      bones:
      - transform: {fileID: 4000010492947540}
        weight: 1
        solverPosition: {x: -60.24, y: 1.0640363, z: 57.80629}
        solverRotation: {x: -0, y: -0, z: 0.7071068, w: -0.7071068}
        defaultLocalPosition: {x: 0.009555898, y: 0.016478358, z: 0}
        defaultLocalRotation: {x: 0, y: 0, z: 0.86650366, w: -0.49917075}
        length: 0.67032516
        sqrMag: 0
        axis: {x: -0.6703252, y: -0.000000079908986, z: 0}
      - transform: {fileID: 4000014182009716}
        weight: 1
        solverPosition: {x: -60.24, y: 1.7343614, z: 57.80629}
        solverRotation: {x: -0, y: -0, z: 0.7071068, w: -0.7071068}
        defaultLocalPosition: {x: -0.6703252, y: 1.488421e-16, z: 0}
        defaultLocalRotation: {x: 0, y: 0, z: -1.6657682e-15, w: 1}
        length: 0
        sqrMag: 0
        axis: {x: -0.6703252, y: -0.000000079908986, z: 0}
    lookAt:
      IKPosition: {x: -60.24, y: 1.7343614, z: 60.80629}
      IKPositionWeight: 0
      root: {fileID: 4000011390006696}
      target: {fileID: 0}
      spine:
      - transform: {fileID: 4000010492947540}
        weight: 1
        solverPosition: {x: 0, y: 0, z: 0}
        solverRotation: {x: 0, y: 0, z: 0, w: 1}
        defaultLocalPosition: {x: 0.009555898, y: 0.016478358, z: 0}
        defaultLocalRotation: {x: 0, y: 0, z: 0.86650366, w: -0.49917075}
        length: 0
        sqrMag: 0
        axis: {x: -0, y: 0, z: 1}
      - transform: {fileID: 4000014182009716}
        weight: 1
        solverPosition: {x: 0, y: 0, z: 0}
        solverRotation: {x: 0, y: 0, z: 0, w: 1}
        defaultLocalPosition: {x: -0.6703252, y: 1.488421e-16, z: 0}
        defaultLocalRotation: {x: 0, y: 0, z: -1.6657682e-15, w: 1}
        length: 0
        sqrMag: 0
        axis: {x: -0, y: 0, z: 1}
      head:
        transform: {fileID: 4000012682319774}
        weight: 1
        solverPosition: {x: 0, y: 0, z: 0}
        solverRotation: {x: 0, y: 0, z: 0, w: 1}
        defaultLocalPosition: {x: -0.3106261, y: 6.897285e-17, z: 0}
        defaultLocalRotation: {x: 0, y: 0, z: -1.8873791e-15, w: 1}
        length: 0
        sqrMag: 0
        axis: {x: -0, y: 0, z: 1}
      eyes: []
      bodyWeight: 0.5
      headWeight: 1
      eyesWeight: 1
      clampWeight: 0.5
      clampWeightHead: 0.7
      clampWeightEyes: 0.5
      clampSmoothing: 2
      spineWeightCurve:
        serializedVersion: 2
        m_Curve:
        - serializedVersion: 2
          time: 0
          value: 0.3
          inSlope: 0
          outSlope: 0
          tangentMode: 0
        - serializedVersion: 2
          time: 1
          value: 1
          inSlope: 0
          outSlope: 0
          tangentMode: 0
        m_PreInfinity: 2
        m_PostInfinity: 2
        m_RotationOrder: 4
      spineTargetOffset: {x: 0, y: 0, z: 0}
    aim:
      IKPosition: {x: 0, y: 0, z: 0}
      IKPositionWeight: 0
      root: {fileID: 4000011390006696}
      target: {fileID: 0}
      tolerance: 0
      maxIterations: 2
      useRotationLimits: 1
      XY: 0
      bones:
      - transform: {fileID: 4000010492947540}
        weight: 1
        solverPosition: {x: 0, y: 0, z: 0}
        solverRotation: {x: 0, y: 0, z: 0, w: 1}
        defaultLocalPosition: {x: 0.009555898, y: 0.016478358, z: 0}
        defaultLocalRotation: {x: 0, y: 0, z: 0.86650366, w: -0.49917075}
        length: 0
        sqrMag: 0
        axis: {x: -1, y: -0, z: -0}
      - transform: {fileID: 4000014182009716}
        weight: 1
        solverPosition: {x: 0, y: 0, z: 0}
        solverRotation: {x: 0, y: 0, z: 0, w: 1}
        defaultLocalPosition: {x: -0.6703252, y: 1.488421e-16, z: 0}
        defaultLocalRotation: {x: 0, y: 0, z: -1.6657682e-15, w: 1}
        length: 0
        sqrMag: 0
        axis: {x: -1, y: -0, z: -0}
      transform: {fileID: 0}
      axis: {x: 0, y: 0, z: 1}
      poleAxis: {x: 0, y: 1, z: 0}
      polePosition: {x: 0, y: 0, z: 0}
      poleWeight: 0
      poleTarget: {fileID: 0}
      clampWeight: 0.1
      clampSmoothing: 2
    pelvis:
      transform: {fileID: 4000013404077924}
      target: {fileID: 0}
      positionOffset: {x: 0, y: 0, z: 0}
      position: {x: -60.24, y: 1.0449876, z: 57.80629}
      positionWeight: 0
      rotationOffset: {x: 0, y: 0, z: 0}
      rotation: {x: -0, y: -0, z: 30.109701}
      rotationWeight: 0
--- !u!114 &114000010791072238
MonoBehaviour:
  m_ObjectHideFlags: 1
  m_PrefabParentObject: {fileID: 0}
  m_PrefabInternal: {fileID: 100100000}
  m_GameObject: {fileID: 1000011219599618}
  m_Enabled: 1
  m_EditorHideFlags: 0
  m_Script: {fileID: 11500000, guid: 117606b2e04a3ee498e0af2442210031, type: 3}
  m_Name: 
  m_EditorClassIdentifier: 
  toonRace: 1
  skeletonConfiguration: 0
  scale: 1
  health: 4000
  ignoreGas: 0
  useLevelBounds: 0
  weight: 80
  armour: 0.335
  density: 1
  defaultAction: 0
  defaultMoveSpeed: 4
  defaultMoveAction: 0
  agroRange: 0
  moveTime: 0
  meleeDamage: 0
  meleeDamageEffect: 0
  logDebugging: 0
  logUserInput: 0
  s_SpawnSound: 
  s_meleeAttackSound: 
  s_takeDamage: 
  s_DeathSound: 
  ik_AimSpeed: 0
  toonBehavior: 10
  s_Voice: 
  s_GroundImpact: 
  primaryWeaponPrefab: {fileID: 0}
  backpackPrefab: {fileID: 0}
  shieldPrefab: {fileID: 0}
--- !u!114 &114415787893074716
MonoBehaviour:
  m_ObjectHideFlags: 1
  m_PrefabParentObject: {fileID: 0}
  m_PrefabInternal: {fileID: 100100000}
  m_GameObject: {fileID: 1000011219599618}
  m_Enabled: 1
  m_EditorHideFlags: 0
  m_Script: {fileID: 11500000, guid: 2bc407e4da51150449ad024747f671b5, type: 3}
  m_Name: 
  m_EditorClassIdentifier: 
  emissionColor:
    r: 1
    g: 1
    b: 1
    a: 0
  children: 1
--- !u!137 &137000010655152374
SkinnedMeshRenderer:
  m_ObjectHideFlags: 1
  m_PrefabParentObject: {fileID: 0}
  m_PrefabInternal: {fileID: 100100000}
  m_GameObject: {fileID: 1000012922230772}
  m_Enabled: 1
  m_CastShadows: 1
  m_ReceiveShadows: 1
  m_DynamicOccludee: 1
  m_MotionVectors: 1
  m_LightProbeUsage: 0
  m_ReflectionProbeUsage: 1
  m_Materials:
  - {fileID: 2100000, guid: c9ac1eb5c4a6ae8469c12da438812424, type: 2}
  m_StaticBatchInfo:
    firstSubMesh: 0
    subMeshCount: 0
  m_StaticBatchRoot: {fileID: 0}
  m_ProbeAnchor: {fileID: 0}
  m_LightProbeVolumeOverride: {fileID: 0}
  m_ScaleInLightmap: 1
  m_PreserveUVs: 0
  m_IgnoreNormalsForChartDetection: 0
  m_ImportantGI: 0
  m_StitchLightmapSeams: 0
  m_SelectedEditorRenderState: 3
  m_MinimumChartSize: 4
  m_AutoUVMaxDistance: 0.5
  m_AutoUVMaxAngle: 89
  m_LightmapParameters: {fileID: 0}
  m_SortingLayerID: 0
  m_SortingLayer: 0
  m_SortingOrder: 0
  serializedVersion: 2
  m_Quality: 0
  m_UpdateWhenOffscreen: 0
  m_SkinnedMotionVectors: 1
  m_Mesh: {fileID: 4300022, guid: 7d49fc550a99f094da3a743df3289156, type: 3}
  m_Bones:
  - {fileID: 4000012682319774}
  - {fileID: 4000010492947540}
  m_BlendShapeWeights: []
  m_RootBone: {fileID: 4000010492947540}
  m_AABB:
    m_Center: {x: -1.1131297, y: -0.000000029802322, z: -0.0626218}
    m_Extent: {x: 0.649794, y: 0.32635564, z: 0.36786}
  m_DirtyAABB: 0
--- !u!137 &137000012239733296
SkinnedMeshRenderer:
  m_ObjectHideFlags: 1
  m_PrefabParentObject: {fileID: 0}
  m_PrefabInternal: {fileID: 100100000}
  m_GameObject: {fileID: 1000012945338632}
  m_Enabled: 1
  m_CastShadows: 1
  m_ReceiveShadows: 1
  m_DynamicOccludee: 1
  m_MotionVectors: 1
  m_LightProbeUsage: 0
  m_ReflectionProbeUsage: 1
  m_Materials:
  - {fileID: 2100000, guid: c9ac1eb5c4a6ae8469c12da438812424, type: 2}
  m_StaticBatchInfo:
    firstSubMesh: 0
    subMeshCount: 0
  m_StaticBatchRoot: {fileID: 0}
  m_ProbeAnchor: {fileID: 0}
  m_LightProbeVolumeOverride: {fileID: 0}
  m_ScaleInLightmap: 1
  m_PreserveUVs: 0
  m_IgnoreNormalsForChartDetection: 0
  m_ImportantGI: 0
  m_StitchLightmapSeams: 0
  m_SelectedEditorRenderState: 3
  m_MinimumChartSize: 4
  m_AutoUVMaxDistance: 0.5
  m_AutoUVMaxAngle: 89
  m_LightmapParameters: {fileID: 0}
  m_SortingLayerID: 0
  m_SortingLayer: 0
  m_SortingOrder: 0
  serializedVersion: 2
  m_Quality: 0
  m_UpdateWhenOffscreen: 0
  m_SkinnedMotionVectors: 1
  m_Mesh: {fileID: 4300000, guid: 7d49fc550a99f094da3a743df3289156, type: 3}
  m_Bones:
  - {fileID: 4000013412821400}
  - {fileID: 4000010492947540}
  - {fileID: 4000010076594894}
  - {fileID: 4000011324029318}
  - {fileID: 4000012531749574}
  - {fileID: 4000010901647196}
  - {fileID: 4000011840694748}
  - {fileID: 4000011950736052}
  - {fileID: 4000014182009716}
  - {fileID: 4000013539848722}
  - {fileID: 4000013529009850}
  - {fileID: 4000011069929352}
  - {fileID: 4000012682319774}
  - {fileID: 4000012973592632}
  - {fileID: 4000013277026944}
  - {fileID: 4000010503229532}
  - {fileID: 4000012128345632}
  - {fileID: 4000013404077924}
  m_BlendShapeWeights: []
  m_RootBone: {fileID: 4000013412821400}
  m_AABB:
    m_Center: {x: 0.0000023841858, y: 1.3761622, z: 0.0016335845}
    m_Extent: {x: 0.69165075, y: 1.3761622, z: 0.35555044}
  m_DirtyAABB: 0
--- !u!195 &195000012314956470
NavMeshAgent:
  m_ObjectHideFlags: 1
  m_PrefabParentObject: {fileID: 0}
  m_PrefabInternal: {fileID: 100100000}
  m_GameObject: {fileID: 1000011219599618}
  m_Enabled: 0
  m_AgentTypeID: 0
  m_Radius: 0.4
  m_Speed: 3.5
  m_Acceleration: 0.5
  avoidancePriority: 50
  m_AngularSpeed: 360
  m_StoppingDistance: 2
  m_AutoTraverseOffMeshLink: 0
  m_AutoBraking: 1
  m_AutoRepath: 1
  m_Height: 3
  m_BaseOffset: 0
  m_WalkableMask: 9
  m_ObstacleAvoidanceType: 2
