%YAML 1.1
%TAG !u! tag:unity3d.com,2011:
--- !u!1001 &100100000
Prefab:
  m_ObjectHideFlags: 1
  serializedVersion: 2
  m_Modification:
    m_TransformParent: {fileID: 0}
    m_Modifications: []
    m_RemovedComponents: []
  m_ParentPrefab: {fileID: 0}
  m_RootGameObject: {fileID: 1389997580622612}
  m_IsPrefabParent: 1
--- !u!1 &1389997580622612
GameObject:
  m_ObjectHideFlags: 0
  m_PrefabParentObject: {fileID: 0}
  m_PrefabInternal: {fileID: 100100000}
  serializedVersion: 5
  m_Component:
  - component: {fileID: 4072873532636750}
  - component: {fileID: 114027776418504606}
  - component: {fileID: 23053673938377852}
  - component: {fileID: 33372780328761558}
  - component: {fileID: 114428125437819918}
  m_Layer: 0
  m_Name: WB_Hair_PonyTail_Brunette1
  m_TagString: Untagged
  m_Icon: {fileID: 0}
  m_NavMeshLayer: 0
  m_StaticEditorFlags: 127
  m_IsActive: 1
--- !u!4 &4072873532636750
Transform:
  m_ObjectHideFlags: 1
  m_PrefabParentObject: {fileID: 0}
  m_PrefabInternal: {fileID: 100100000}
  m_GameObject: {fileID: 1389997580622612}
  m_LocalRotation: {x: 0, y: -0.7071068, z: 0, w: 0.7071068}
  m_LocalPosition: {x: -145.45, y: 2.821, z: 16.46}
  m_LocalScale: {x: 1, y: 1, z: 1}
  m_Children: []
  m_Father: {fileID: 0}
  m_RootOrder: 0
  m_LocalEulerAnglesHint: {x: 0, y: -90, z: 0}
--- !u!23 &23053673938377852
MeshRenderer:
  m_ObjectHideFlags: 1
  m_PrefabParentObject: {fileID: 0}
  m_PrefabInternal: {fileID: 100100000}
  m_GameObject: {fileID: 1389997580622612}
  m_Enabled: 1
  m_CastShadows: 2
  m_ReceiveShadows: 1
  m_DynamicOccludee: 1
  m_MotionVectors: 1
  m_LightProbeUsage: 1
  m_ReflectionProbeUsage: 1
  m_Materials:
  - {fileID: 2100000, guid: a674f76c97d7243dbb8b3b42f3f4a12b, type: 2}
  m_StaticBatchInfo:
    firstSubMesh: 0
    subMeshCount: 0
  m_StaticBatchRoot: {fileID: 0}
  m_ProbeAnchor: {fileID: 0}
  m_LightProbeVolumeOverride: {fileID: 0}
  m_ScaleInLightmap: 1
  m_PreserveUVs: 0
  m_IgnoreNormalsForChartDetection: 0
  m_ImportantGI: 0
  m_StitchLightmapSeams: 0
  m_SelectedEditorRenderState: 2
  m_MinimumChartSize: 4
  m_AutoUVMaxDistance: 0.5
  m_AutoUVMaxAngle: 89
  m_LightmapParameters: {fileID: 0}
  m_SortingLayerID: 0
  m_SortingLayer: 0
  m_SortingOrder: 0
--- !u!33 &33372780328761558
MeshFilter:
  m_ObjectHideFlags: 1
  m_PrefabParentObject: {fileID: 0}
  m_PrefabInternal: {fileID: 100100000}
  m_GameObject: {fileID: 1389997580622612}
  m_Mesh: {fileID: 0}
--- !u!114 &114027776418504606
MonoBehaviour:
  m_ObjectHideFlags: 1
  m_PrefabParentObject: {fileID: 0}
  m_PrefabInternal: {fileID: 100100000}
  m_GameObject: {fileID: 1389997580622612}
  m_Enabled: 1
  m_EditorHideFlags: 0
  m_Script: {fileID: 16342205, guid: 0472bdc8d6d15384d98f22ee34302f9c, type: 3}
  m_Name: 
  m_EditorClassIdentifier: 
  _entityType: 0
--- !u!114 &114428125437819918
MonoBehaviour:
  m_ObjectHideFlags: 1
  m_PrefabParentObject: {fileID: 0}
  m_PrefabInternal: {fileID: 100100000}
  m_GameObject: {fileID: 1389997580622612}
  m_Enabled: 1
  m_EditorHideFlags: 0
  m_Script: {fileID: 185759285, guid: 0472bdc8d6d15384d98f22ee34302f9c, type: 3}
  m_Name: 
  m_EditorClassIdentifier: 
  _quads:
  - _indices: 000000000100000002000000010000000300000002000000
    _distinctIndices: 00000000010000000200000003000000
    _edges:
    - x: 0
      y: 1
    - x: 2
      y: 0
    - x: 1
      y: 3
    - x: 3
      y: 2
    _smoothingGroup: 0
    _uv:
      useWorldSpace: 0
      flipU: 0
      flipV: 0
      swapUV: 0
      fill: 1
      scale: {x: 1, y: 1}
      offset: {x: 0, y: 0}
      rotation: 0
      justify: 0
      localPivot: {x: 0.12015152, y: 0.105106235}
      localSize: {x: 0, y: 0}
      anchor: 9
    _mat: {fileID: 2100000, guid: a674f76c97d7243dbb8b3b42f3f4a12b, type: 2}
    manualUV: 0
    elementGroup: -1
    textureGroup: -1
  - _indices: 040000000500000006000000050000000700000006000000
    _distinctIndices: 04000000050000000600000007000000
    _edges:
    - x: 4
      y: 5
    - x: 6
      y: 4
    - x: 5
      y: 7
    - x: 7
      y: 6
    _smoothingGroup: 0
    _uv:
      useWorldSpace: 0
      flipU: 0
      flipV: 0
      swapUV: 0
      fill: 1
      scale: {x: 1, y: 1}
      offset: {x: 0, y: 0}
      rotation: 0
      justify: 0
      localPivot: {x: 0.0057089105, y: -0.12008297}
      localSize: {x: 0, y: 0}
      anchor: 9
    _mat: {fileID: 2100000, guid: a674f76c97d7243dbb8b3b42f3f4a12b, type: 2}
    manualUV: 0
    elementGroup: -1
    textureGroup: -1
  - _indices: 08000000090000000a000000090000000b0000000a000000
    _distinctIndices: 08000000090000000a0000000b000000
    _edges:
    - x: 8
      y: 9
    - x: 10
      y: 8
    - x: 9
      y: 11
    - x: 11
      y: 10
    _smoothingGroup: 0
    _uv:
      useWorldSpace: 0
      flipU: 0
      flipV: 0
      swapUV: 0
      fill: 1
      scale: {x: 1, y: 1}
      offset: {x: 0, y: 0}
      rotation: 0
      justify: 0
      localPivot: {x: -0.10765898, y: 0.021409705}
      localSize: {x: 0, y: 0}
      anchor: 9
    _mat: {fileID: 2100000, guid: a674f76c97d7243dbb8b3b42f3f4a12b, type: 2}
    manualUV: 0
    elementGroup: -1
    textureGroup: -1
  - _indices: 0c0000000d0000000e0000000d0000000f0000000e000000
    _distinctIndices: 0c0000000d0000000e0000000f000000
    _edges:
    - x: 12
      y: 13
    - x: 14
      y: 12
    - x: 13
      y: 15
    - x: 15
      y: 14
    _smoothingGroup: 0
    _uv:
      useWorldSpace: 0
      flipU: 0
      flipV: 0
      swapUV: 0
      fill: 1
      scale: {x: 1, y: 1}
      offset: {x: 0, y: 0}
      rotation: 0
      justify: 0
      localPivot: {x: 0.0019045025, y: 0.033372972}
      localSize: {x: 0, y: 0}
      anchor: 9
    _mat: {fileID: 2100000, guid: a674f76c97d7243dbb8b3b42f3f4a12b, type: 2}
    manualUV: 0
    elementGroup: -1
    textureGroup: -1
  - _indices: 100000001100000012000000110000001300000012000000
    _distinctIndices: 10000000110000001200000013000000
    _edges:
    - x: 16
      y: 17
    - x: 18
      y: 16
    - x: 17
      y: 19
    - x: 19
      y: 18
    _smoothingGroup: 0
    _uv:
      useWorldSpace: 0
      flipU: 0
      flipV: 0
      swapUV: 0
      fill: 1
      scale: {x: 1, y: 1}
      offset: {x: 0, y: 0}
      rotation: 0
      justify: 0
      localPivot: {x: 0.12041803, y: -0.028848745}
      localSize: {x: 0, y: 0}
      anchor: 9
    _mat: {fileID: 2100000, guid: a674f76c97d7243dbb8b3b42f3f4a12b, type: 2}
    manualUV: 0
    elementGroup: -1
    textureGroup: -1
  - _indices: 140000001500000016000000150000001700000016000000
    _distinctIndices: 14000000150000001600000017000000
    _edges:
    - x: 20
      y: 21
    - x: 22
      y: 20
    - x: 21
      y: 23
    - x: 23
      y: 22
    _smoothingGroup: 0
    _uv:
      useWorldSpace: 0
      flipU: 0
      flipV: 0
      swapUV: 0
      fill: 1
      scale: {x: 1, y: 1}
      offset: {x: 0, y: 0}
      rotation: 0
      justify: 0
      localPivot: {x: -0.12015152, y: -0.0040162653}
      localSize: {x: 0, y: 0}
      anchor: 9
    _mat: {fileID: 2100000, guid: a674f76c97d7243dbb8b3b42f3f4a12b, type: 2}
    manualUV: 0
    elementGroup: -1
    textureGroup: -1
  - _indices: 18000000190000001a000000190000001b0000001a000000
    _distinctIndices: 18000000190000001a0000001b000000
    _edges:
    - x: 24
      y: 25
    - x: 26
      y: 24
    - x: 25
      y: 27
    - x: 27
      y: 26
    _smoothingGroup: 0
    _uv:
      useWorldSpace: 0
      flipU: 0
      flipV: 0
      swapUV: 0
      fill: 1
      scale: {x: 1, y: 1}
      offset: {x: 0, y: 0}
      rotation: 0
      justify: 0
      localPivot: {x: -0.11938119, y: -0.30251208}
      localSize: {x: 0, y: 0}
      anchor: 9
    _mat: {fileID: 2100000, guid: a674f76c97d7243dbb8b3b42f3f4a12b, type: 2}
    manualUV: 0
    elementGroup: -1
    textureGroup: -1
  - _indices: 1c0000001d0000001e0000001d0000001f0000001e000000
    _distinctIndices: 1c0000001d0000001e0000001f000000
    _edges:
    - x: 28
      y: 29
    - x: 30
      y: 28
    - x: 29
      y: 31
    - x: 31
      y: 30
    _smoothingGroup: 0
    _uv:
      useWorldSpace: 0
      flipU: 0
      flipV: 0
      swapUV: 0
      fill: 1
      scale: {x: 1, y: 1}
      offset: {x: 0, y: 0}
      rotation: 0
      justify: 0
      localPivot: {x: -0.025524225, y: -0.15771566}
      localSize: {x: 0, y: 0}
      anchor: 9
    _mat: {fileID: 2100000, guid: a674f76c97d7243dbb8b3b42f3f4a12b, type: 2}
    manualUV: 0
    elementGroup: -1
    textureGroup: -1
  - _indices: 200000002100000022000000210000002300000022000000
    _distinctIndices: 20000000210000002200000023000000
    _edges:
    - x: 32
      y: 33
    - x: 34
      y: 32
    - x: 33
      y: 35
    - x: 35
      y: 34
    _smoothingGroup: 0
    _uv:
      useWorldSpace: 0
      flipU: 0
      flipV: 0
      swapUV: 0
      fill: 1
      scale: {x: 1, y: 1}
      offset: {x: 0, y: 0}
      rotation: 0
      justify: 0
      localPivot: {x: 0.19887704, y: -0.066814534}
      localSize: {x: 0, y: 0}
      anchor: 9
    _mat: {fileID: 2100000, guid: a674f76c97d7243dbb8b3b42f3f4a12b, type: 2}
    manualUV: 0
    elementGroup: -1
    textureGroup: -1
  - _indices: 240000002500000026000000250000002700000026000000
    _distinctIndices: 24000000250000002600000027000000
    _edges:
    - x: 36
      y: 37
    - x: 38
      y: 36
    - x: 37
      y: 39
    - x: 39
      y: 38
    _smoothingGroup: 0
    _uv:
      useWorldSpace: 0
      flipU: 0
      flipV: 0
      swapUV: 0
      fill: 1
      scale: {x: 1, y: 1}
      offset: {x: 0, y: 0}
      rotation: 0
      justify: 0
      localPivot: {x: 0.11980158, y: -0.20900394}
      localSize: {x: 0, y: 0}
      anchor: 9
    _mat: {fileID: 2100000, guid: a674f76c97d7243dbb8b3b42f3f4a12b, type: 2}
    manualUV: 0
    elementGroup: -1
    textureGroup: -1
  - _indices: 28000000290000002a000000290000002b0000002a000000
    _distinctIndices: 28000000290000002a0000002b000000
    _edges:
    - x: 40
      y: 41
    - x: 42
      y: 40
    - x: 41
      y: 43
    - x: 43
      y: 42
    _smoothingGroup: 0
    _uv:
      useWorldSpace: 0
      flipU: 0
      flipV: 0
      swapUV: 0
      fill: 1
      scale: {x: 1, y: 1}
      offset: {x: 0, y: 0}
      rotation: 0
      justify: 0
      localPivot: {x: -0.121382356, y: -0.11572145}
      localSize: {x: 0, y: 0}
      anchor: 9
    _mat: {fileID: 2100000, guid: a674f76c97d7243dbb8b3b42f3f4a12b, type: 2}
    manualUV: 0
    elementGroup: -1
    textureGroup: -1
  - _indices: 2c0000002d0000002e0000002d0000002f0000002e000000
    _distinctIndices: 2c0000002d0000002e0000002f000000
    _edges:
    - x: 44
      y: 45
    - x: 46
      y: 44
    - x: 45
      y: 47
    - x: 47
      y: 46
    _smoothingGroup: 0
    _uv:
      useWorldSpace: 0
      flipU: 0
      flipV: 0
      swapUV: 0
      fill: 1
      scale: {x: 1, y: 1}
      offset: {x: 0, y: 0}
      rotation: 0
      justify: 0
      localPivot: {x: -0.36944145, y: -0.09136933}
      localSize: {x: 0, y: 0}
      anchor: 9
    _mat: {fileID: 2100000, guid: a674f76c97d7243dbb8b3b42f3f4a12b, type: 2}
    manualUV: 0
    elementGroup: -1
    textureGroup: -1
  - _indices: 300000003100000032000000310000003300000032000000
    _distinctIndices: 30000000310000003200000033000000
    _edges:
    - x: 48
      y: 49
    - x: 50
      y: 48
    - x: 49
      y: 51
    - x: 51
      y: 50
    _smoothingGroup: 0
    _uv:
      useWorldSpace: 0
      flipU: 0
      flipV: 0
      swapUV: 0
      fill: 1
      scale: {x: 1, y: 1}
      offset: {x: 0, y: 0}
      rotation: 0
      justify: 0
      localPivot: {x: 0.27025962, y: -0.071369246}
      localSize: {x: 0, y: 0}
      anchor: 9
    _mat: {fileID: 2100000, guid: a674f76c97d7243dbb8b3b42f3f4a12b, type: 2}
    manualUV: 0
    elementGroup: -1
    textureGroup: -1
  - _indices: 340000003500000036000000350000003700000036000000
    _distinctIndices: 34000000350000003600000037000000
    _edges:
    - x: 52
      y: 53
    - x: 54
      y: 52
    - x: 53
      y: 55
    - x: 55
      y: 54
    _smoothingGroup: 0
    _uv:
      useWorldSpace: 0
      flipU: 0
      flipV: 0
      swapUV: 0
      fill: 1
      scale: {x: 1, y: 1}
      offset: {x: 0, y: 0}
      rotation: 0
      justify: 0
      localPivot: {x: 0.12005234, y: -0.3731713}
      localSize: {x: 0, y: 0}
      anchor: 9
    _mat: {fileID: 2100000, guid: a674f76c97d7243dbb8b3b42f3f4a12b, type: 2}
    manualUV: 0
    elementGroup: -1
    textureGroup: -1
  - _indices: 38000000390000003a000000390000003b0000003a000000
    _distinctIndices: 38000000390000003a0000003b000000
    _edges:
    - x: 56
      y: 57
    - x: 58
      y: 56
    - x: 57
      y: 59
    - x: 59
      y: 58
    _smoothingGroup: 0
    _uv:
      useWorldSpace: 0
      flipU: 0
      flipV: 0
      swapUV: 0
      fill: 1
      scale: {x: 1, y: 1}
      offset: {x: 0, y: 0}
      rotation: 0
      justify: 0
      localPivot: {x: -0.114067614, y: -0.25078166}
      localSize: {x: 0, y: 0}
      anchor: 9
    _mat: {fileID: 2100000, guid: a674f76c97d7243dbb8b3b42f3f4a12b, type: 2}
    manualUV: 0
    elementGroup: -1
    textureGroup: -1
  - _indices: 3c0000003d0000003e0000003d0000003f0000003e000000
    _distinctIndices: 3c0000003d0000003e0000003f000000
    _edges:
    - x: 60
      y: 61
    - x: 62
      y: 60
    - x: 61
      y: 63
    - x: 63
      y: 62
    _smoothingGroup: 0
    _uv:
      useWorldSpace: 0
      flipU: 0
      flipV: 0
      swapUV: 0
      fill: 1
      scale: {x: 1, y: 1}
      offset: {x: 0, y: 0}
      rotation: 0
      justify: 0
      localPivot: {x: -0.630141, y: -0.34306055}
      localSize: {x: 0, y: 0}
      anchor: 9
    _mat: {fileID: 2100000, guid: a674f76c97d7243dbb8b3b42f3f4a12b, type: 2}
    manualUV: 0
    elementGroup: -1
    textureGroup: -1
  - _indices: 400000004100000042000000410000004300000042000000
    _distinctIndices: 40000000410000004200000043000000
    _edges:
    - x: 64
      y: 65
    - x: 66
      y: 64
    - x: 65
      y: 67
    - x: 67
      y: 66
    _smoothingGroup: 0
    _uv:
      useWorldSpace: 0
      flipU: 0
      flipV: 0
      swapUV: 0
      fill: 1
      scale: {x: 1, y: 1}
      offset: {x: 0, y: 0}
      rotation: 0
      justify: 0
      localPivot: {x: 0.5829889, y: -0.11118262}
      localSize: {x: 0, y: 0}
      anchor: 9
    _mat: {fileID: 2100000, guid: a674f76c97d7243dbb8b3b42f3f4a12b, type: 2}
    manualUV: 0
    elementGroup: -1
    textureGroup: -1
  - _indices: 440000004500000046000000450000004700000046000000
    _distinctIndices: 44000000450000004600000047000000
    _edges:
    - x: 68
      y: 69
    - x: 70
      y: 68
    - x: 69
      y: 71
    - x: 71
      y: 70
    _smoothingGroup: 0
    _uv:
      useWorldSpace: 0
      flipU: 0
      flipV: 0
      swapUV: 0
      fill: 1
      scale: {x: 1, y: 1}
      offset: {x: 0, y: 0}
      rotation: 0
      justify: 0
      localPivot: {x: 0.11236191, y: -0.57669485}
      localSize: {x: 0, y: 0}
      anchor: 9
    _mat: {fileID: 2100000, guid: a674f76c97d7243dbb8b3b42f3f4a12b, type: 2}
    manualUV: 0
    elementGroup: -1
    textureGroup: -1
  - _indices: 48000000490000004a000000490000004b0000004a000000
    _distinctIndices: 48000000490000004a0000004b000000
    _edges:
    - x: 72
      y: 73
    - x: 74
      y: 72
    - x: 73
      y: 75
    - x: 75
      y: 74
    _smoothingGroup: 0
    _uv:
      useWorldSpace: 0
      flipU: 0
      flipV: 0
      swapUV: 0
      fill: 1
      scale: {x: 1, y: 1}
      offset: {x: 0, y: 0}
      rotation: 0
      justify: 0
      localPivot: {x: -0.11236954, y: -0.9771997}
      localSize: {x: 0, y: 0}
      anchor: 9
    _mat: {fileID: 2100000, guid: a674f76c97d7243dbb8b3b42f3f4a12b, type: 2}
    manualUV: 0
    elementGroup: -1
    textureGroup: -1
  - _indices: 4c0000004d0000004e0000004d0000004f0000004e000000
    _distinctIndices: 4c0000004d0000004e0000004f000000
    _edges:
    - x: 76
      y: 77
    - x: 78
      y: 76
    - x: 77
      y: 79
    - x: 79
      y: 78
    _smoothingGroup: 0
    _uv:
      useWorldSpace: 0
      flipU: 0
      flipV: 0
      swapUV: 0
      fill: 1
      scale: {x: 1, y: 1}
      offset: {x: 0, y: 0}
      rotation: 0
      justify: 0
      localPivot: {x: -0.63703823, y: -0.7703054}
      localSize: {x: 0, y: 0}
      anchor: 9
    _mat: {fileID: 2100000, guid: a674f76c97d7243dbb8b3b42f3f4a12b, type: 2}
    manualUV: 0
    elementGroup: -1
    textureGroup: -1
  - _indices: 500000005100000052000000510000005300000052000000
    _distinctIndices: 50000000510000005200000053000000
    _edges:
    - x: 80
      y: 81
    - x: 82
      y: 80
    - x: 81
      y: 83
    - x: 83
      y: 82
    _smoothingGroup: 0
    _uv:
      useWorldSpace: 0
      flipU: 0
      flipV: 0
      swapUV: 0
      fill: 1
      scale: {x: 1, y: 1}
      offset: {x: 0, y: 0}
      rotation: 0
      justify: 0
      localPivot: {x: 0.6209373, y: -0.855356}
      localSize: {x: 0, y: 0}
      anchor: 9
    _mat: {fileID: 2100000, guid: a674f76c97d7243dbb8b3b42f3f4a12b, type: 2}
    manualUV: 0
    elementGroup: -1
    textureGroup: -1
  - _indices: 540000005500000056000000550000005700000056000000
    _distinctIndices: 54000000550000005600000057000000
    _edges:
    - x: 84
      y: 85
    - x: 86
      y: 84
    - x: 85
      y: 87
    - x: 87
      y: 86
    _smoothingGroup: 0
    _uv:
      useWorldSpace: 0
      flipU: 0
      flipV: 0
      swapUV: 0
      fill: 1
      scale: {x: 1, y: 1}
      offset: {x: 0, y: 0}
      rotation: 0
      justify: 0
      localPivot: {x: 0.11236191, y: -0.8307259}
      localSize: {x: 0, y: 0}
      anchor: 9
    _mat: {fileID: 2100000, guid: a674f76c97d7243dbb8b3b42f3f4a12b, type: 2}
    manualUV: 0
    elementGroup: -1
    textureGroup: -1
  _sharedIndices:
  - array: 000000000d00000016000000
  - array: 010000000400000017000000
  - array: 020000000f00000010000000
  - array: 030000000600000011000000
  - array: 0500000015000000180000001d000000
  - array: 080000004a0000004f000000
  - array: 3a0000003f000000480000004d000000
  - array: 2a0000002f000000380000003d000000
  - array: 1a0000001f000000280000002d000000
  - array: 07000000130000001c00000025000000
  - array: 0a0000004e00000057000000
  - array: 3e000000470000004c00000055000000
  - array: 2e000000370000003c00000045000000
  - array: 1e000000270000002c00000035000000
  - array: 090000004b00000052000000
  - array: 3b000000420000004900000050000000
  - array: 2b000000320000003900000040000000
  - array: 1b000000220000002900000030000000
  - array: 0c000000140000001900000020000000
  - array: 0b0000005300000056000000
  - array: 43000000460000005100000054000000
  - array: 33000000360000004100000044000000
  - array: 23000000260000003100000034000000
  - array: 0e000000120000002100000024000000
  _vertices:
  - {x: -0.08203888, y: 0.004001856, z: 0.2396717}
  - {x: 0.32234192, y: 0.004001856, z: 0.2396717}
  - {x: -0.010377251, y: 0.09405172, z: 0.14587632}
  - {x: 0.2512133, y: 0.09405172, z: 0.14587632}
  - {x: 0.32234192, y: 0.004001856, z: 0.2396717}
  - {x: 0.30664125, y: 0.004843075, z: -0.24768898}
  - {x: 0.2512133, y: 0.09405172, z: 0.14587632}
  - {x: 0.24235103, y: 0.12093675, z: -0.18636551}
  - {x: 0.17365053, y: -1.4340439, z: -0.53814733}
  - {x: 0.04166743, y: -1.4340439, z: -0.53814733}
  - {x: 0.17251019, y: -1.3678085, z: -0.68433344}
  - {x: 0.042807765, y: -1.3678085, z: -0.68433344}
  - {x: -0.06787888, y: 0.004843075, z: -0.24768898}
  - {x: -0.08203888, y: 0.004001856, z: 0.2396717}
  - {x: -0.0027478635, y: 0.12093675, z: -0.18636551}
  - {x: -0.010377251, y: 0.09405172, z: 0.14587632}
  - {x: -0.010377251, y: 0.09405172, z: 0.14587632}
  - {x: 0.2512133, y: 0.09405172, z: 0.14587632}
  - {x: -0.0027478635, y: 0.12093675, z: -0.18636551}
  - {x: 0.24235103, y: 0.12093675, z: -0.18636551}
  - {x: -0.06787888, y: 0.004843075, z: -0.24768898}
  - {x: 0.30664125, y: 0.004843075, z: -0.24768898}
  - {x: -0.08203888, y: 0.004001856, z: 0.2396717}
  - {x: 0.32234192, y: 0.004001856, z: 0.2396717}
  - {x: 0.30664125, y: 0.004843075, z: -0.24768898}
  - {x: -0.06787888, y: 0.004843075, z: -0.24768898}
  - {x: 0.14922333, y: 0.01843667, z: -0.3589878}
  - {x: 0.09088135, y: 0.01777339, z: -0.3589878}
  - {x: 0.24235103, y: 0.12093675, z: -0.18636551}
  - {x: 0.30664125, y: 0.004843075, z: -0.24768898}
  - {x: 0.14019775, y: 0.03564644, z: -0.35811043}
  - {x: 0.14922333, y: 0.01843667, z: -0.3589878}
  - {x: -0.06787888, y: 0.004843075, z: -0.24768898}
  - {x: -0.0027478635, y: 0.12093675, z: -0.18636551}
  - {x: 0.09088135, y: 0.01777339, z: -0.3589878}
  - {x: 0.09990692, y: 0.03564644, z: -0.35811043}
  - {x: -0.0027478635, y: 0.12093675, z: -0.18636551}
  - {x: 0.24235103, y: 0.12093675, z: -0.18636551}
  - {x: 0.09990692, y: 0.03564644, z: -0.35811043}
  - {x: 0.14019775, y: 0.03564644, z: -0.35811043}
  - {x: 0.14922333, y: 0.01843667, z: -0.3589878}
  - {x: 0.09088135, y: 0.01777339, z: -0.3589878}
  - {x: 0.14923096, y: -0.027607918, z: -0.37365913}
  - {x: 0.09088898, y: -0.028241396, z: -0.37346458}
  - {x: 0.14019775, y: 0.03564644, z: -0.35811043}
  - {x: 0.14922333, y: 0.01843667, z: -0.3589878}
  - {x: 0.14019775, y: 0.009580374, z: -0.43976974}
  - {x: 0.14923096, y: -0.027607918, z: -0.37365913}
  - {x: 0.09088135, y: 0.01777339, z: -0.3589878}
  - {x: 0.09990692, y: 0.03564644, z: -0.35811043}
  - {x: 0.09088898, y: -0.028241396, z: -0.37346458}
  - {x: 0.09990692, y: 0.009580374, z: -0.43976974}
  - {x: 0.09990692, y: 0.03564644, z: -0.35811043}
  - {x: 0.14019775, y: 0.03564644, z: -0.35811043}
  - {x: 0.09990692, y: 0.009580374, z: -0.43976974}
  - {x: 0.14019775, y: 0.009580374, z: -0.43976974}
  - {x: 0.14923096, y: -0.027607918, z: -0.37365913}
  - {x: 0.09088898, y: -0.028241396, z: -0.37346458}
  - {x: 0.4925537, y: -0.41410804, z: -0.40553474}
  - {x: -0.26781464, y: -0.41410804, z: -0.40553474}
  - {x: 0.14019775, y: 0.009580374, z: -0.43976974}
  - {x: 0.14923096, y: -0.027607918, z: -0.37365913}
  - {x: 0.46316528, y: -0.5632639, z: -0.8168392}
  - {x: 0.4925537, y: -0.41410804, z: -0.40553474}
  - {x: 0.09088898, y: -0.028241396, z: -0.37346458}
  - {x: 0.09990692, y: 0.009580374, z: -0.43976974}
  - {x: -0.26781464, y: -0.41410804, z: -0.40553474}
  - {x: -0.23844147, y: -0.5632639, z: -0.8168392}
  - {x: 0.09990692, y: 0.009580374, z: -0.43976974}
  - {x: 0.14019775, y: 0.009580374, z: -0.43976974}
  - {x: -0.23844147, y: -0.5632639, z: -0.8168392}
  - {x: 0.46316528, y: -0.5632639, z: -0.8168392}
  - {x: 0.4925537, y: -0.41410804, z: -0.40553474}
  - {x: -0.26781464, y: -0.41410804, z: -0.40553474}
  - {x: 0.17365053, y: -1.4340439, z: -0.53814733}
  - {x: 0.04166743, y: -1.4340439, z: -0.53814733}
  - {x: 0.46316528, y: -0.5632639, z: -0.8168392}
  - {x: 0.4925537, y: -0.41410804, z: -0.40553474}
  - {x: 0.17251019, y: -1.3678085, z: -0.68433344}
  - {x: 0.17365053, y: -1.4340439, z: -0.53814733}
  - {x: -0.26781464, y: -0.41410804, z: -0.40553474}
  - {x: -0.23844147, y: -0.5632639, z: -0.8168392}
  - {x: 0.04166743, y: -1.4340439, z: -0.53814733}
  - {x: 0.042807765, y: -1.3678085, z: -0.68433344}
  - {x: -0.23844147, y: -0.5632639, z: -0.8168392}
  - {x: 0.46316528, y: -0.5632639, z: -0.8168392}
  - {x: 0.042807765, y: -1.3678085, z: -0.68433344}
  - {x: 0.17251019, y: -1.3678085, z: -0.68433344}
  _uv:
  - {x: -0.08203888, y: 0.17011884}
  - {x: 0.32234192, y: 0.17011884}
  - {x: -0.010377251, y: 0.040093627}
  - {x: 0.2512133, y: 0.040093627}
  - {x: 0.24951546, y: -0.18685445}
  - {x: -0.23809764, y: -0.18579921}
  - {x: 0.15356745, y: -0.07389511}
  - {x: -0.17878957, y: -0.053311482}
  - {x: -0.17365053, y: 0.10165544}
  - {x: -0.04166743, y: 0.10165544}
  - {x: -0.17251019, y: -0.058836028}
  - {x: -0.042807765, y: -0.058836028}
  - {x: 0.24568756, y: -0.033118177}
  - {x: -0.24187855, y: -0.034088805}
  - {x: 0.18621512, y: 0.10083475}
  - {x: -0.14611, y: 0.07837866}
  - {x: -0.010377251, y: 0.13781516}
  - {x: 0.2512133, y: 0.13781516}
  - {x: -0.0027478635, y: -0.19551265}
  - {x: 0.24235103, y: -0.19551265}
  - {x: 0.06787888, y: -0.24769697}
  - {x: -0.30664125, y: -0.24769697}
  - {x: 0.08203888, y: 0.23966444}
  - {x: -0.32234192, y: 0.23966444}
  - {x: -0.30664125, y: -0.24644913}
  - {x: 0.06787888, y: -0.24644913}
  - {x: -0.14922333, y: -0.35857502}
  - {x: -0.09088135, y: -0.3584946}
  - {x: 0.06428875, y: -0.08477082}
  - {x: 0.07365588, y: -0.23066051}
  - {x: -0.12470433, y: -0.1919513}
  - {x: -0.11838841, y: -0.20958684}
  - {x: 0.09876941, y: -0.1397766}
  - {x: 0.112426095, y: 0.0061475327}
  - {x: 0.29240638, y: -0.12352382}
  - {x: 0.29898465, y: -0.10552296}
  - {x: -0.0027478635, y: -0.113125436}
  - {x: 0.24235103, y: -0.113125436}
  - {x: 0.09990692, y: -0.30488244}
  - {x: 0.14019775, y: -0.30488244}
  - {x: -0.15052277, y: -0.09125439}
  - {x: -0.09218117, y: -0.09195053}
  - {x: -0.15058354, y: -0.13957983}
  - {x: -0.09224124, y: -0.14018852}
  - {x: -0.32951507, y: -0.06069497}
  - {x: -0.32886586, y: -0.08013682}
  - {x: -0.41001704, y: -0.090141766}
  - {x: -0.34332797, y: -0.122043684}
  - {x: 0.24747226, y: -0.05676323}
  - {x: 0.25505316, y: -0.038210437}
  - {x: 0.25421464, y: -0.10452805}
  - {x: 0.29304698, y: -0.082708016}
  - {x: 0.09990692, y: -0.33031198}
  - {x: 0.14019775, y: -0.33031198}
  - {x: 0.09990692, y: -0.41603062}
  - {x: 0.14019775, y: -0.41603062}
  - {x: -0.15079516, y: -0.056808237}
  - {x: -0.092452876, y: -0.057443675}
  - {x: -0.49424845, y: -0.44450498}
  - {x: 0.26611322, y: -0.44475508}
  - {x: -0.45431325, y: -0.026213866}
  - {x: -0.38994864, y: -0.0673524}
  - {x: -0.87033343, y: -0.6599072}
  - {x: -0.46639004, y: -0.5605005}
  - {x: 0.3175045, y: 0.11778753}
  - {x: 0.3763822, y: 0.16720007}
  - {x: 0.4738838, y: -0.38633087}
  - {x: 0.84847337, y: -0.38956532}
  - {x: 0.09990692, y: -0.23379108}
  - {x: 0.14019775, y: -0.23379108}
  - {x: -0.23844147, y: -0.9195986}
  - {x: 0.46316528, y: -0.9195986}
  - {x: -0.4925537, y: -0.4629392}
  - {x: 0.26781464, y: -0.4629392}
  - {x: -0.17365053, y: -1.4914601}
  - {x: -0.04166743, y: -1.4914601}
  - {x: -0.8415419, y: -0.39326605}
  - {x: -0.43253452, y: -0.23516637}
  - {x: -0.69293535, y: -1.2460533}
  - {x: -0.5470435, y: -1.3054445}
  - {x: 0.41604862, y: -0.32167965}
  - {x: 0.825826, y: -0.47776976}
  - {x: 0.5360182, y: -1.3890324}
  - {x: 0.6820382, y: -1.3278203}
  - {x: -0.23844147, y: -0.42303425}
  - {x: 0.46316528, y: -0.42303425}
  - {x: 0.042807765, y: -1.2384175}
  - {x: 0.17251019, y: -1.2384175}
  _uv3:
  - {x: 0, y: 0, z: 0, w: 0}
  - {x: 0, y: 0, z: 0, w: 0}
  - {x: 0, y: 0, z: 0, w: 0}
  - {x: 0, y: 0, z: 0, w: 0}
  - {x: 0, y: 0, z: 0, w: 0}
  - {x: 0, y: 0, z: 0, w: 0}
  - {x: 0, y: 0, z: 0, w: 0}
  - {x: 0, y: 0, z: 0, w: 0}
  - {x: 0, y: 0, z: 0, w: 0}
  - {x: 0, y: 0, z: 0, w: 0}
  - {x: 0, y: 0, z: 0, w: 0}
  - {x: 0, y: 0, z: 0, w: 0}
  - {x: 0, y: 0, z: 0, w: 0}
  - {x: 0, y: 0, z: 0, w: 0}
  - {x: 0, y: 0, z: 0, w: 0}
  - {x: 0, y: 0, z: 0, w: 0}
  - {x: 0, y: 0, z: 0, w: 0}
  - {x: 0, y: 0, z: 0, w: 0}
  - {x: 0, y: 0, z: 0, w: 0}
  - {x: 0, y: 0, z: 0, w: 0}
  - {x: 0, y: 0, z: 0, w: 0}
  - {x: 0, y: 0, z: 0, w: 0}
  - {x: 0, y: 0, z: 0, w: 0}
  - {x: 0, y: 0, z: 0, w: 0}
  - {x: 0, y: 0, z: 0, w: 0}
  - {x: 0, y: 0, z: 0, w: 0}
  - {x: 0, y: 0, z: 0, w: 0}
  - {x: 0, y: 0, z: 0, w: 0}
  - {x: 0, y: 0, z: 0, w: 0}
  - {x: 0, y: 0, z: 0, w: 0}
  - {x: 0, y: 0, z: 0, w: 0}
  - {x: 0, y: 0, z: 0, w: 0}
  - {x: 0, y: 0, z: 0, w: 0}
  - {x: 0, y: 0, z: 0, w: 0}
  - {x: 0, y: 0, z: 0, w: 0}
  - {x: 0, y: 0, z: 0, w: 0}
  - {x: 0, y: 0, z: 0, w: 0}
  - {x: 0, y: 0, z: 0, w: 0}
  - {x: 0, y: 0, z: 0, w: 0}
  - {x: 0, y: 0, z: 0, w: 0}
  - {x: 0, y: 0, z: 0, w: 0}
  - {x: 0, y: 0, z: 0, w: 0}
  - {x: 0, y: 0, z: 0, w: 0}
  - {x: 0, y: 0, z: 0, w: 0}
  - {x: 0, y: 0, z: 0, w: 0}
  - {x: 0, y: 0, z: 0, w: 0}
  - {x: 0, y: 0, z: 0, w: 0}
  - {x: 0, y: 0, z: 0, w: 0}
  - {x: 0, y: 0, z: 0, w: 0}
  - {x: 0, y: 0, z: 0, w: 0}
  - {x: 0, y: 0, z: 0, w: 0}
  - {x: 0, y: 0, z: 0, w: 0}
  - {x: 0, y: 0, z: 0, w: 0}
  - {x: 0, y: 0, z: 0, w: 0}
  - {x: 0, y: 0, z: 0, w: 0}
  - {x: 0, y: 0, z: 0, w: 0}
  - {x: 0, y: 0, z: 0, w: 0}
  - {x: 0, y: 0, z: 0, w: 0}
  - {x: 0, y: 0, z: 0, w: 0}
  - {x: 0, y: 0, z: 0, w: 0}
  - {x: 0, y: 0, z: 0, w: 0}
  - {x: 0, y: 0, z: 0, w: 0}
  - {x: 0, y: 0, z: 0, w: 0}
  - {x: 0, y: 0, z: 0, w: 0}
  - {x: 0, y: 0, z: 0, w: 0}
  - {x: 0, y: 0, z: 0, w: 0}
  - {x: 0, y: 0, z: 0, w: 0}
  - {x: 0, y: 0, z: 0, w: 0}
  - {x: 0, y: 0, z: 0, w: 0}
  - {x: 0, y: 0, z: 0, w: 0}
  - {x: 0, y: 0, z: 0, w: 0}
  - {x: 0, y: 0, z: 0, w: 0}
  - {x: 0, y: 0, z: 0, w: 0}
  - {x: 0, y: 0, z: 0, w: 0}
  - {x: 0, y: 0, z: 0, w: 0}
  - {x: 0, y: 0, z: 0, w: 0}
  - {x: 0, y: 0, z: 0, w: 0}
  - {x: 0, y: 0, z: 0, w: 0}
  - {x: 0, y: 0, z: 0, w: 0}
  - {x: 0, y: 0, z: 0, w: 0}
  - {x: 0, y: 0, z: 0, w: 0}
  - {x: 0, y: 0, z: 0, w: 0}
  - {x: 0, y: 0, z: 0, w: 0}
  - {x: 0, y: 0, z: 0, w: 0}
  - {x: 0, y: 0, z: 0, w: 0}
  - {x: 0, y: 0, z: 0, w: 0}
  - {x: 0, y: 0, z: 0, w: 0}
  - {x: 0, y: 0, z: 0, w: 0}
  _uv4:
  - {x: 0, y: 0, z: 0, w: 0}
  - {x: 0, y: 0, z: 0, w: 0}
  - {x: 0, y: 0, z: 0, w: 0}
  - {x: 0, y: 0, z: 0, w: 0}
  - {x: 0, y: 0, z: 0, w: 0}
  - {x: 0, y: 0, z: 0, w: 0}
  - {x: 0, y: 0, z: 0, w: 0}
  - {x: 0, y: 0, z: 0, w: 0}
  - {x: 0, y: 0, z: 0, w: 0}
  - {x: 0, y: 0, z: 0, w: 0}
  - {x: 0, y: 0, z: 0, w: 0}
  - {x: 0, y: 0, z: 0, w: 0}
  - {x: 0, y: 0, z: 0, w: 0}
  - {x: 0, y: 0, z: 0, w: 0}
  - {x: 0, y: 0, z: 0, w: 0}
  - {x: 0, y: 0, z: 0, w: 0}
  - {x: 0, y: 0, z: 0, w: 0}
  - {x: 0, y: 0, z: 0, w: 0}
  - {x: 0, y: 0, z: 0, w: 0}
  - {x: 0, y: 0, z: 0, w: 0}
  - {x: 0, y: 0, z: 0, w: 0}
  - {x: 0, y: 0, z: 0, w: 0}
  - {x: 0, y: 0, z: 0, w: 0}
  - {x: 0, y: 0, z: 0, w: 0}
  - {x: 0, y: 0, z: 0, w: 0}
  - {x: 0, y: 0, z: 0, w: 0}
  - {x: 0, y: 0, z: 0, w: 0}
  - {x: 0, y: 0, z: 0, w: 0}
  - {x: 0, y: 0, z: 0, w: 0}
  - {x: 0, y: 0, z: 0, w: 0}
  - {x: 0, y: 0, z: 0, w: 0}
  - {x: 0, y: 0, z: 0, w: 0}
  - {x: 0, y: 0, z: 0, w: 0}
  - {x: 0, y: 0, z: 0, w: 0}
  - {x: 0, y: 0, z: 0, w: 0}
  - {x: 0, y: 0, z: 0, w: 0}
  - {x: 0, y: 0, z: 0, w: 0}
  - {x: 0, y: 0, z: 0, w: 0}
  - {x: 0, y: 0, z: 0, w: 0}
  - {x: 0, y: 0, z: 0, w: 0}
  - {x: 0, y: 0, z: 0, w: 0}
  - {x: 0, y: 0, z: 0, w: 0}
  - {x: 0, y: 0, z: 0, w: 0}
  - {x: 0, y: 0, z: 0, w: 0}
  - {x: 0, y: 0, z: 0, w: 0}
  - {x: 0, y: 0, z: 0, w: 0}
  - {x: 0, y: 0, z: 0, w: 0}
  - {x: 0, y: 0, z: 0, w: 0}
  - {x: 0, y: 0, z: 0, w: 0}
  - {x: 0, y: 0, z: 0, w: 0}
  - {x: 0, y: 0, z: 0, w: 0}
  - {x: 0, y: 0, z: 0, w: 0}
  - {x: 0, y: 0, z: 0, w: 0}
  - {x: 0, y: 0, z: 0, w: 0}
  - {x: 0, y: 0, z: 0, w: 0}
  - {x: 0, y: 0, z: 0, w: 0}
  - {x: 0, y: 0, z: 0, w: 0}
  - {x: 0, y: 0, z: 0, w: 0}
  - {x: 0, y: 0, z: 0, w: 0}
  - {x: 0, y: 0, z: 0, w: 0}
  - {x: 0, y: 0, z: 0, w: 0}
  - {x: 0, y: 0, z: 0, w: 0}
  - {x: 0, y: 0, z: 0, w: 0}
  - {x: 0, y: 0, z: 0, w: 0}
  - {x: 0, y: 0, z: 0, w: 0}
  - {x: 0, y: 0, z: 0, w: 0}
  - {x: 0, y: 0, z: 0, w: 0}
  - {x: 0, y: 0, z: 0, w: 0}
  - {x: 0, y: 0, z: 0, w: 0}
  - {x: 0, y: 0, z: 0, w: 0}
  - {x: 0, y: 0, z: 0, w: 0}
  - {x: 0, y: 0, z: 0, w: 0}
  - {x: 0, y: 0, z: 0, w: 0}
  - {x: 0, y: 0, z: 0, w: 0}
  - {x: 0, y: 0, z: 0, w: 0}
  - {x: 0, y: 0, z: 0, w: 0}
  - {x: 0, y: 0, z: 0, w: 0}
  - {x: 0, y: 0, z: 0, w: 0}
  - {x: 0, y: 0, z: 0, w: 0}
  - {x: 0, y: 0, z: 0, w: 0}
  - {x: 0, y: 0, z: 0, w: 0}
  - {x: 0, y: 0, z: 0, w: 0}
  - {x: 0, y: 0, z: 0, w: 0}
  - {x: 0, y: 0, z: 0, w: 0}
  - {x: 0, y: 0, z: 0, w: 0}
  - {x: 0, y: 0, z: 0, w: 0}
  - {x: 0, y: 0, z: 0, w: 0}
  - {x: 0, y: 0, z: 0, w: 0}
  _tangents: []
  _sharedIndicesUV: []
  _colors:
  - {r: 1, g: 1, b: 1, a: 1}
  - {r: 1, g: 1, b: 1, a: 1}
  - {r: 1, g: 1, b: 1, a: 1}
  - {r: 1, g: 1, b: 1, a: 1}
  - {r: 1, g: 1, b: 1, a: 1}
  - {r: 1, g: 1, b: 1, a: 1}
  - {r: 1, g: 1, b: 1, a: 1}
  - {r: 1, g: 1, b: 1, a: 1}
  - {r: 1, g: 1, b: 1, a: 1}
  - {r: 1, g: 1, b: 1, a: 1}
  - {r: 1, g: 1, b: 1, a: 1}
  - {r: 1, g: 1, b: 1, a: 1}
  - {r: 1, g: 1, b: 1, a: 1}
  - {r: 1, g: 1, b: 1, a: 1}
  - {r: 1, g: 1, b: 1, a: 1}
  - {r: 1, g: 1, b: 1, a: 1}
  - {r: 1, g: 1, b: 1, a: 1}
  - {r: 1, g: 1, b: 1, a: 1}
  - {r: 1, g: 1, b: 1, a: 1}
  - {r: 1, g: 1, b: 1, a: 1}
  - {r: 1, g: 1, b: 1, a: 1}
  - {r: 1, g: 1, b: 1, a: 1}
  - {r: 1, g: 1, b: 1, a: 1}
  - {r: 1, g: 1, b: 1, a: 1}
  - {r: 1, g: 1, b: 1, a: 1}
  - {r: 1, g: 1, b: 1, a: 1}
  - {r: 1, g: 1, b: 1, a: 1}
  - {r: 1, g: 1, b: 1, a: 1}
  - {r: 1, g: 1, b: 1, a: 1}
  - {r: 1, g: 1, b: 1, a: 1}
  - {r: 1, g: 1, b: 1, a: 1}
  - {r: 1, g: 1, b: 1, a: 1}
  - {r: 1, g: 1, b: 1, a: 1}
  - {r: 1, g: 1, b: 1, a: 1}
  - {r: 1, g: 1, b: 1, a: 1}
  - {r: 1, g: 1, b: 1, a: 1}
  - {r: 1, g: 1, b: 1, a: 1}
  - {r: 1, g: 1, b: 1, a: 1}
  - {r: 1, g: 1, b: 1, a: 1}
  - {r: 1, g: 1, b: 1, a: 1}
  - {r: 1, g: 1, b: 1, a: 1}
  - {r: 1, g: 1, b: 1, a: 1}
  - {r: 1, g: 1, b: 1, a: 1}
  - {r: 1, g: 1, b: 1, a: 1}
  - {r: 1, g: 1, b: 1, a: 1}
  - {r: 1, g: 1, b: 1, a: 1}
  - {r: 1, g: 1, b: 1, a: 1}
  - {r: 1, g: 1, b: 1, a: 1}
  - {r: 1, g: 1, b: 1, a: 1}
  - {r: 1, g: 1, b: 1, a: 1}
  - {r: 1, g: 1, b: 1, a: 1}
  - {r: 1, g: 1, b: 1, a: 1}
  - {r: 1, g: 1, b: 1, a: 1}
  - {r: 1, g: 1, b: 1, a: 1}
  - {r: 1, g: 1, b: 1, a: 1}
  - {r: 1, g: 1, b: 1, a: 1}
  - {r: 1, g: 1, b: 1, a: 1}
  - {r: 1, g: 1, b: 1, a: 1}
  - {r: 1, g: 1, b: 1, a: 1}
  - {r: 1, g: 1, b: 1, a: 1}
  - {r: 1, g: 1, b: 1, a: 1}
  - {r: 1, g: 1, b: 1, a: 1}
  - {r: 1, g: 1, b: 1, a: 1}
  - {r: 1, g: 1, b: 1, a: 1}
  - {r: 1, g: 1, b: 1, a: 1}
  - {r: 1, g: 1, b: 1, a: 1}
  - {r: 1, g: 1, b: 1, a: 1}
  - {r: 1, g: 1, b: 1, a: 1}
  - {r: 1, g: 1, b: 1, a: 1}
  - {r: 1, g: 1, b: 1, a: 1}
  - {r: 1, g: 1, b: 1, a: 1}
  - {r: 1, g: 1, b: 1, a: 1}
  - {r: 1, g: 1, b: 1, a: 1}
  - {r: 1, g: 1, b: 1, a: 1}
  - {r: 1, g: 1, b: 1, a: 1}
  - {r: 1, g: 1, b: 1, a: 1}
  - {r: 1, g: 1, b: 1, a: 1}
  - {r: 1, g: 1, b: 1, a: 1}
  - {r: 1, g: 1, b: 1, a: 1}
  - {r: 1, g: 1, b: 1, a: 1}
  - {r: 1, g: 1, b: 1, a: 1}
  - {r: 1, g: 1, b: 1, a: 1}
  - {r: 1, g: 1, b: 1, a: 1}
  - {r: 1, g: 1, b: 1, a: 1}
  - {r: 1, g: 1, b: 1, a: 1}
  - {r: 1, g: 1, b: 1, a: 1}
  - {r: 1, g: 1, b: 1, a: 1}
  - {r: 1, g: 1, b: 1, a: 1}
  userCollisions: 0
  isSelectable: 1
  unwrapParameters:
    hardAngle: 88
    packMargin: 4
    angleError: 8
    areaError: 15
  asset_guid: 
  dontDestroyMeshOnDelete: 0
  m_selectedFaces: 
  m_SelectedEdges: []
  m_selectedTriangles: 
