%YAML 1.1
%TAG !u! tag:unity3d.com,2011:
--- !u!1 &103384
GameObject:
  m_ObjectHideFlags: 0
  m_PrefabParentObject: {fileID: 0}
  m_PrefabInternal: {fileID: 100100000}
  serializedVersion: 5
  m_Component:
  - component: {fileID: 419268}
  - component: {fileID: 3313312}
  - component: {fileID: 2363630}
  - component: {fileID: 146000012091175734}
  - component: {fileID: 114000010794482134}
  m_Layer: 0
  m_Name: SA_Veh_BigMonsterTruck_Wheel_RR
  m_TagString: Untagged
  m_Icon: {fileID: 0}
  m_NavMeshLayer: 0
  m_StaticEditorFlags: 0
  m_IsActive: 1
--- !u!1 &122024
GameObject:
  m_ObjectHideFlags: 0
  m_PrefabParentObject: {fileID: 0}
  m_PrefabInternal: {fileID: 100100000}
  serializedVersion: 5
  m_Component:
  - component: {fileID: 480264}
  - component: {fileID: 3382038}
  - component: {fileID: 2379920}
  - component: {fileID: 54000013699682560}
  - component: {fileID: 208000010637628376}
  - component: {fileID: 65000011447017406}
  - component: {fileID: 114000011548687976}
  - component: {fileID: 114000010977432278}
  m_Layer: 0
  m_Name: SA_Veh_BigMonsterTruck
  m_TagString: Untagged
  m_Icon: {fileID: 0}
  m_NavMeshLayer: 0
  m_StaticEditorFlags: 0
  m_IsActive: 1
--- !u!1 &185732
GameObject:
  m_ObjectHideFlags: 0
  m_PrefabParentObject: {fileID: 0}
  m_PrefabInternal: {fileID: 100100000}
  serializedVersion: 5
  m_Component:
  - component: {fileID: 467326}
  - component: {fileID: 3300640}
  - component: {fileID: 2334544}
  - component: {fileID: 146000014132997376}
  - component: {fileID: 114000012748022874}
  m_Layer: 0
  m_Name: SA_Veh_BigMonsterTruck_Wheel_FR
  m_TagString: Untagged
  m_Icon: {fileID: 0}
  m_NavMeshLayer: 0
  m_StaticEditorFlags: 0
  m_IsActive: 1
--- !u!1 &195540
GameObject:
  m_ObjectHideFlags: 0
  m_PrefabParentObject: {fileID: 0}
  m_PrefabInternal: {fileID: 100100000}
  serializedVersion: 5
  m_Component:
  - component: {fileID: 441566}
  - component: {fileID: 3378382}
  - component: {fileID: 2344800}
  - component: {fileID: 146000013228232566}
  - component: {fileID: 114000013593439848}
  m_Layer: 0
  m_Name: SA_Veh_BigMonsterTruck_Wheel_FL
  m_TagString: Untagged
  m_Icon: {fileID: 0}
  m_NavMeshLayer: 0
  m_StaticEditorFlags: 0
  m_IsActive: 1
--- !u!1 &196280
GameObject:
  m_ObjectHideFlags: 0
  m_PrefabParentObject: {fileID: 0}
  m_PrefabInternal: {fileID: 100100000}
  serializedVersion: 5
  m_Component:
  - component: {fileID: 455482}
  - component: {fileID: 3312216}
  - component: {fileID: 2349520}
  - component: {fileID: 146000012928091984}
  - component: {fileID: 114000012375722448}
  m_Layer: 0
  m_Name: SA_Veh_BigMonsterTruck_Wheel_RL
  m_TagString: Untagged
  m_Icon: {fileID: 0}
  m_NavMeshLayer: 0
  m_StaticEditorFlags: 0
  m_IsActive: 1
--- !u!4 &419268
Transform:
  m_ObjectHideFlags: 1
  m_PrefabParentObject: {fileID: 0}
  m_PrefabInternal: {fileID: 100100000}
  m_GameObject: {fileID: 103384}
  m_LocalRotation: {x: 0, y: 0, z: 0, w: 1}
  m_LocalPosition: {x: 2.859599, y: 1.4119823, z: -4.725406}
  m_LocalScale: {x: 1, y: 1, z: 1}
  m_Children: []
  m_Father: {fileID: 480264}
  m_RootOrder: 3
  m_LocalEulerAnglesHint: {x: 0, y: 0, z: 0}
--- !u!4 &441566
Transform:
  m_ObjectHideFlags: 1
  m_PrefabParentObject: {fileID: 0}
  m_PrefabInternal: {fileID: 100100000}
  m_GameObject: {fileID: 195540}
  m_LocalRotation: {x: 0, y: 0, z: 0, w: 1}
  m_LocalPosition: {x: -2.8595867, y: 1.4119823, z: 2.6190214}
  m_LocalScale: {x: 1, y: 1, z: 1}
  m_Children: []
  m_Father: {fileID: 480264}
  m_RootOrder: 0
  m_LocalEulerAnglesHint: {x: 0, y: 0, z: 0}
--- !u!4 &455482
Transform:
  m_ObjectHideFlags: 1
  m_PrefabParentObject: {fileID: 0}
  m_PrefabInternal: {fileID: 100100000}
  m_GameObject: {fileID: 196280}
  m_LocalRotation: {x: 0, y: 0, z: 0, w: 1}
  m_LocalPosition: {x: -2.8595886, y: 1.4119823, z: -4.725406}
  m_LocalScale: {x: 1, y: 1, z: 1}
  m_Children: []
  m_Father: {fileID: 480264}
  m_RootOrder: 2
  m_LocalEulerAnglesHint: {x: 0, y: 0, z: 0}
--- !u!4 &467326
Transform:
  m_ObjectHideFlags: 1
  m_PrefabParentObject: {fileID: 0}
  m_PrefabInternal: {fileID: 100100000}
  m_GameObject: {fileID: 185732}
  m_LocalRotation: {x: 0, y: 0, z: 0, w: 1}
  m_LocalPosition: {x: 2.859599, y: 1.4119823, z: 2.6190214}
  m_LocalScale: {x: 1, y: 1, z: 1}
  m_Children: []
  m_Father: {fileID: 480264}
  m_RootOrder: 1
  m_LocalEulerAnglesHint: {x: 0, y: 0, z: 0}
--- !u!4 &480264
Transform:
  m_ObjectHideFlags: 1
  m_PrefabParentObject: {fileID: 0}
  m_PrefabInternal: {fileID: 100100000}
  m_GameObject: {fileID: 122024}
  m_LocalRotation: {x: 0, y: 0, z: 0, w: 1}
  m_LocalPosition: {x: 0, y: 0, z: 0}
  m_LocalScale: {x: 1, y: 1, z: 1}
  m_Children:
  - {fileID: 441566}
  - {fileID: 467326}
  - {fileID: 455482}
  - {fileID: 419268}
  m_Father: {fileID: 0}
  m_RootOrder: 0
  m_LocalEulerAnglesHint: {x: 0, y: 0, z: 0}
--- !u!23 &2334544
MeshRenderer:
  m_ObjectHideFlags: 1
  m_PrefabParentObject: {fileID: 0}
  m_PrefabInternal: {fileID: 100100000}
  m_GameObject: {fileID: 185732}
  m_Enabled: 1
  m_CastShadows: 1
  m_ReceiveShadows: 1
  m_DynamicOccludee: 1
  m_MotionVectors: 1
  m_LightProbeUsage: 1
  m_ReflectionProbeUsage: 1
  m_Materials:
  - {fileID: 2100000, guid: 965e421d30d6a2a419dfd5b3597456b8, type: 2}
  m_StaticBatchInfo:
    firstSubMesh: 0
    subMeshCount: 0
  m_StaticBatchRoot: {fileID: 0}
  m_ProbeAnchor: {fileID: 0}
  m_LightProbeVolumeOverride: {fileID: 0}
  m_ScaleInLightmap: 1
  m_PreserveUVs: 0
  m_IgnoreNormalsForChartDetection: 0
  m_ImportantGI: 0
  m_StitchLightmapSeams: 0
  m_SelectedEditorRenderState: 3
  m_MinimumChartSize: 4
  m_AutoUVMaxDistance: 0.5
  m_AutoUVMaxAngle: 89
  m_LightmapParameters: {fileID: 0}
  m_SortingLayerID: 0
  m_SortingLayer: 0
  m_SortingOrder: 0
--- !u!23 &2344800
MeshRenderer:
  m_ObjectHideFlags: 1
  m_PrefabParentObject: {fileID: 0}
  m_PrefabInternal: {fileID: 100100000}
  m_GameObject: {fileID: 195540}
  m_Enabled: 1
  m_CastShadows: 1
  m_ReceiveShadows: 1
  m_DynamicOccludee: 1
  m_MotionVectors: 1
  m_LightProbeUsage: 1
  m_ReflectionProbeUsage: 1
  m_Materials:
  - {fileID: 2100000, guid: 965e421d30d6a2a419dfd5b3597456b8, type: 2}
  m_StaticBatchInfo:
    firstSubMesh: 0
    subMeshCount: 0
  m_StaticBatchRoot: {fileID: 0}
  m_ProbeAnchor: {fileID: 0}
  m_LightProbeVolumeOverride: {fileID: 0}
  m_ScaleInLightmap: 1
  m_PreserveUVs: 0
  m_IgnoreNormalsForChartDetection: 0
  m_ImportantGI: 0
  m_StitchLightmapSeams: 0
  m_SelectedEditorRenderState: 3
  m_MinimumChartSize: 4
  m_AutoUVMaxDistance: 0.5
  m_AutoUVMaxAngle: 89
  m_LightmapParameters: {fileID: 0}
  m_SortingLayerID: 0
  m_SortingLayer: 0
  m_SortingOrder: 0
--- !u!23 &2349520
MeshRenderer:
  m_ObjectHideFlags: 1
  m_PrefabParentObject: {fileID: 0}
  m_PrefabInternal: {fileID: 100100000}
  m_GameObject: {fileID: 196280}
  m_Enabled: 1
  m_CastShadows: 1
  m_ReceiveShadows: 1
  m_DynamicOccludee: 1
  m_MotionVectors: 1
  m_LightProbeUsage: 1
  m_ReflectionProbeUsage: 1
  m_Materials:
  - {fileID: 2100000, guid: 965e421d30d6a2a419dfd5b3597456b8, type: 2}
  m_StaticBatchInfo:
    firstSubMesh: 0
    subMeshCount: 0
  m_StaticBatchRoot: {fileID: 0}
  m_ProbeAnchor: {fileID: 0}
  m_LightProbeVolumeOverride: {fileID: 0}
  m_ScaleInLightmap: 1
  m_PreserveUVs: 0
  m_IgnoreNormalsForChartDetection: 0
  m_ImportantGI: 0
  m_StitchLightmapSeams: 0
  m_SelectedEditorRenderState: 3
  m_MinimumChartSize: 4
  m_AutoUVMaxDistance: 0.5
  m_AutoUVMaxAngle: 89
  m_LightmapParameters: {fileID: 0}
  m_SortingLayerID: 0
  m_SortingLayer: 0
  m_SortingOrder: 0
--- !u!23 &2363630
MeshRenderer:
  m_ObjectHideFlags: 1
  m_PrefabParentObject: {fileID: 0}
  m_PrefabInternal: {fileID: 100100000}
  m_GameObject: {fileID: 103384}
  m_Enabled: 1
  m_CastShadows: 1
  m_ReceiveShadows: 1
  m_DynamicOccludee: 1
  m_MotionVectors: 1
  m_LightProbeUsage: 1
  m_ReflectionProbeUsage: 1
  m_Materials:
  - {fileID: 2100000, guid: 965e421d30d6a2a419dfd5b3597456b8, type: 2}
  m_StaticBatchInfo:
    firstSubMesh: 0
    subMeshCount: 0
  m_StaticBatchRoot: {fileID: 0}
  m_ProbeAnchor: {fileID: 0}
  m_LightProbeVolumeOverride: {fileID: 0}
  m_ScaleInLightmap: 1
  m_PreserveUVs: 0
  m_IgnoreNormalsForChartDetection: 0
  m_ImportantGI: 0
  m_StitchLightmapSeams: 0
  m_SelectedEditorRenderState: 3
  m_MinimumChartSize: 4
  m_AutoUVMaxDistance: 0.5
  m_AutoUVMaxAngle: 89
  m_LightmapParameters: {fileID: 0}
  m_SortingLayerID: 0
  m_SortingLayer: 0
  m_SortingOrder: 0
--- !u!23 &2379920
MeshRenderer:
  m_ObjectHideFlags: 1
  m_PrefabParentObject: {fileID: 0}
  m_PrefabInternal: {fileID: 100100000}
  m_GameObject: {fileID: 122024}
  m_Enabled: 1
  m_CastShadows: 1
  m_ReceiveShadows: 1
  m_DynamicOccludee: 1
  m_MotionVectors: 1
  m_LightProbeUsage: 1
  m_ReflectionProbeUsage: 1
  m_Materials:
  - {fileID: 2100000, guid: 965e421d30d6a2a419dfd5b3597456b8, type: 2}
  m_StaticBatchInfo:
    firstSubMesh: 0
    subMeshCount: 0
  m_StaticBatchRoot: {fileID: 0}
  m_ProbeAnchor: {fileID: 0}
  m_LightProbeVolumeOverride: {fileID: 0}
  m_ScaleInLightmap: 1
  m_PreserveUVs: 0
  m_IgnoreNormalsForChartDetection: 0
  m_ImportantGI: 0
  m_StitchLightmapSeams: 0
  m_SelectedEditorRenderState: 3
  m_MinimumChartSize: 4
  m_AutoUVMaxDistance: 0.5
  m_AutoUVMaxAngle: 89
  m_LightmapParameters: {fileID: 0}
  m_SortingLayerID: 0
  m_SortingLayer: 0
  m_SortingOrder: 0
--- !u!33 &3300640
MeshFilter:
  m_ObjectHideFlags: 1
  m_PrefabParentObject: {fileID: 0}
  m_PrefabInternal: {fileID: 100100000}
  m_GameObject: {fileID: 185732}
  m_Mesh: {fileID: 4300002, guid: ce7fb7afe206d264f979e31fb57d1067, type: 3}
--- !u!33 &3312216
MeshFilter:
  m_ObjectHideFlags: 1
  m_PrefabParentObject: {fileID: 0}
  m_PrefabInternal: {fileID: 100100000}
  m_GameObject: {fileID: 196280}
  m_Mesh: {fileID: 4300006, guid: ce7fb7afe206d264f979e31fb57d1067, type: 3}
--- !u!33 &3313312
MeshFilter:
  m_ObjectHideFlags: 1
  m_PrefabParentObject: {fileID: 0}
  m_PrefabInternal: {fileID: 100100000}
  m_GameObject: {fileID: 103384}
  m_Mesh: {fileID: 4300008, guid: ce7fb7afe206d264f979e31fb57d1067, type: 3}
--- !u!33 &3378382
MeshFilter:
  m_ObjectHideFlags: 1
  m_PrefabParentObject: {fileID: 0}
  m_PrefabInternal: {fileID: 100100000}
  m_GameObject: {fileID: 195540}
  m_Mesh: {fileID: 4300004, guid: ce7fb7afe206d264f979e31fb57d1067, type: 3}
--- !u!33 &3382038
MeshFilter:
  m_ObjectHideFlags: 1
  m_PrefabParentObject: {fileID: 0}
  m_PrefabInternal: {fileID: 100100000}
  m_GameObject: {fileID: 122024}
  m_Mesh: {fileID: 4300000, guid: ce7fb7afe206d264f979e31fb57d1067, type: 3}
--- !u!1001 &100100000
Prefab:
  m_ObjectHideFlags: 1
  serializedVersion: 2
  m_Modification:
    m_TransformParent: {fileID: 0}
    m_Modifications: []
    m_RemovedComponents: []
  m_ParentPrefab: {fileID: 0}
  m_RootGameObject: {fileID: 122024}
  m_IsPrefabParent: 1
--- !u!54 &54000013699682560
Rigidbody:
  m_ObjectHideFlags: 1
  m_PrefabParentObject: {fileID: 0}
  m_PrefabInternal: {fileID: 100100000}
  m_GameObject: {fileID: 122024}
  serializedVersion: 2
  m_Mass: 1
  m_Drag: 0
  m_AngularDrag: 0.05
  m_UseGravity: 1
  m_IsKinematic: 0
  m_Interpolate: 0
  m_Constraints: 0
  m_CollisionDetection: 0
--- !u!65 &65000011447017406
BoxCollider:
  m_ObjectHideFlags: 1
  m_PrefabParentObject: {fileID: 0}
  m_PrefabInternal: {fileID: 100100000}
  m_GameObject: {fileID: 122024}
  m_Material: {fileID: 0}
  m_IsTrigger: 0
  m_Enabled: 1
  serializedVersion: 2
  m_Size: {x: 4.0241356, y: 3.411225, z: 11.549854}
  m_Center: {x: 0, y: 2.1256497, z: -0.4893694}
--- !u!114 &114000010794482134
MonoBehaviour:
  m_ObjectHideFlags: 1
  m_PrefabParentObject: {fileID: 0}
  m_PrefabInternal: {fileID: 100100000}
  m_GameObject: {fileID: 103384}
  m_Enabled: 1
  m_EditorHideFlags: 0
  m_Script: {fileID: 11500000, guid: e5cb1658323782c4f9aca9f934f1e8f5, type: 3}
  m_Name: 
  m_EditorClassIdentifier: 
  axle: 1
  fixedWheel: 1
  torqueWheel: 1
  brakeWheel: 1
  turnPole: {x: 0, y: 1, z: 0}
  visualWheel: {fileID: 0}
--- !u!114 &114000010977432278
MonoBehaviour:
  m_ObjectHideFlags: 1
  m_PrefabParentObject: {fileID: 0}
  m_PrefabInternal: {fileID: 100100000}
  m_GameObject: {fileID: 122024}
  m_Enabled: 1
  m_EditorHideFlags: 0
  m_Script: {fileID: 11500000, guid: a57e0e363027e48458f117bb7d1b39ff, type: 3}
  m_Name: 
  m_EditorClassIdentifier: 
  materialsList:
  - matName: ZX_Mat_SimpleApocalypse_Grayscale
    usingShader: 
    shaderVisible: 1
    animate:
    - propertyName: _MainTex
      AnimateUV: 0
      instantiate: 1
      ScrollSpeed: {x: -0.4, y: 0}
      UVOffset: {x: 0, y: 0}
      RotateSpeed: 100
      UVRotate: 0
      RotatePivot: {x: 0.5, y: 0.5}
      matrix: _MainTexMatrix
    - propertyName: _DecalTex
      AnimateUV: 0
      instantiate: 1
      ScrollSpeed: {x: -0.4, y: 0}
      UVOffset: {x: 0, y: 0}
      RotateSpeed: 100
      UVRotate: 0
      RotatePivot: {x: 0.5, y: 0.5}
      matrix: _DecalTexMatrix
--- !u!114 &114000011548687976
MonoBehaviour:
  m_ObjectHideFlags: 1
  m_PrefabParentObject: {fileID: 0}
  m_PrefabInternal: {fileID: 100100000}
  m_GameObject: {fileID: 122024}
  m_Enabled: 1
  m_EditorHideFlags: 0
  m_Script: {fileID: 11500000, guid: 6c93733986c8d2e4a92cf41257152410, type: 3}
  m_Name: 
  m_EditorClassIdentifier: 
  toonRace: 2
  health: 1000
  weight: 3000
  armour: 0
  density: 0
  exhaustPrefab: {fileID: 0}
  logDebugging: 0
  logUserInput: 0
  maxVelocity: 10
  accelerationTorque: 5000
  breakingDistance: 15
  breakingTorque: 50000
  frontBreaking: 1
  rearBreaking: 1
  steeringSpeed: 90
  maxSteeringAngle: 65
--- !u!114 &114000012375722448
MonoBehaviour:
  m_ObjectHideFlags: 1
  m_PrefabParentObject: {fileID: 0}
  m_PrefabInternal: {fileID: 100100000}
  m_GameObject: {fileID: 196280}
  m_Enabled: 1
  m_EditorHideFlags: 0
  m_Script: {fileID: 11500000, guid: e5cb1658323782c4f9aca9f934f1e8f5, type: 3}
  m_Name: 
  m_EditorClassIdentifier: 
  axle: 1
  fixedWheel: 1
  torqueWheel: 1
  brakeWheel: 1
  turnPole: {x: 0, y: 1, z: 0}
  visualWheel: {fileID: 0}
--- !u!114 &114000012748022874
MonoBehaviour:
  m_ObjectHideFlags: 1
  m_PrefabParentObject: {fileID: 0}
  m_PrefabInternal: {fileID: 100100000}
  m_GameObject: {fileID: 185732}
  m_Enabled: 1
  m_EditorHideFlags: 0
  m_Script: {fileID: 11500000, guid: e5cb1658323782c4f9aca9f934f1e8f5, type: 3}
  m_Name: 
  m_EditorClassIdentifier: 
  axle: 0
  fixedWheel: 0
  torqueWheel: 1
  brakeWheel: 1
  turnPole: {x: 0, y: 1, z: 0}
  visualWheel: {fileID: 0}
--- !u!114 &114000013593439848
MonoBehaviour:
  m_ObjectHideFlags: 1
  m_PrefabParentObject: {fileID: 0}
  m_PrefabInternal: {fileID: 100100000}
  m_GameObject: {fileID: 195540}
  m_Enabled: 1
  m_EditorHideFlags: 0
  m_Script: {fileID: 11500000, guid: e5cb1658323782c4f9aca9f934f1e8f5, type: 3}
  m_Name: 
  m_EditorClassIdentifier: 
  axle: 0
  fixedWheel: 0
  torqueWheel: 1
  brakeWheel: 1
  turnPole: {x: 0, y: 1, z: 0}
  visualWheel: {fileID: 0}
--- !u!146 &146000012091175734
WheelCollider:
  m_ObjectHideFlags: 1
  m_PrefabParentObject: {fileID: 0}
  m_PrefabInternal: {fileID: 100100000}
  m_GameObject: {fileID: 103384}
  m_Center: {x: 0, y: 0, z: 0}
  m_Radius: 1.4
  m_SuspensionSpring:
    spring: 35000
    damper: 1000
    targetPosition: 0.5
  m_SuspensionDistance: 0.3
  m_ForceAppPointDistance: 0
  m_Mass: 40
  m_WheelDampingRate: 0.25
  m_ForwardFriction:
    m_ExtremumSlip: 0.4
    m_ExtremumValue: 1
    m_AsymptoteSlip: 0.8
    m_AsymptoteValue: 0.5
    m_Stiffness: 1
  m_SidewaysFriction:
    m_ExtremumSlip: 0.2
    m_ExtremumValue: 1
    m_AsymptoteSlip: 0.5
    m_AsymptoteValue: 0.75
    m_Stiffness: 1
  m_Enabled: 1
--- !u!146 &146000012928091984
WheelCollider:
  m_ObjectHideFlags: 1
  m_PrefabParentObject: {fileID: 0}
  m_PrefabInternal: {fileID: 100100000}
  m_GameObject: {fileID: 196280}
  m_Center: {x: 0, y: 0, z: 0}
  m_Radius: 1.4
  m_SuspensionSpring:
    spring: 35000
    damper: 1000
    targetPosition: 0.5
  m_SuspensionDistance: 0.3
  m_ForceAppPointDistance: 0
  m_Mass: 40
  m_WheelDampingRate: 0.25
  m_ForwardFriction:
    m_ExtremumSlip: 0.4
    m_ExtremumValue: 1
    m_AsymptoteSlip: 0.8
    m_AsymptoteValue: 0.5
    m_Stiffness: 1
  m_SidewaysFriction:
    m_ExtremumSlip: 0.2
    m_ExtremumValue: 1
    m_AsymptoteSlip: 0.5
    m_AsymptoteValue: 0.75
    m_Stiffness: 1
  m_Enabled: 1
--- !u!146 &146000013228232566
WheelCollider:
  m_ObjectHideFlags: 1
  m_PrefabParentObject: {fileID: 0}
  m_PrefabInternal: {fileID: 100100000}
  m_GameObject: {fileID: 195540}
  m_Center: {x: 0, y: 0, z: 0}
  m_Radius: 1.4
  m_SuspensionSpring:
    spring: 35000
    damper: 1000
    targetPosition: 0.5
  m_SuspensionDistance: 0.3
  m_ForceAppPointDistance: 0
  m_Mass: 40
  m_WheelDampingRate: 0.25
  m_ForwardFriction:
    m_ExtremumSlip: 0.4
    m_ExtremumValue: 1
    m_AsymptoteSlip: 0.8
    m_AsymptoteValue: 0.5
    m_Stiffness: 1
  m_SidewaysFriction:
    m_ExtremumSlip: 0.2
    m_ExtremumValue: 1
    m_AsymptoteSlip: 0.5
    m_AsymptoteValue: 0.75
    m_Stiffness: 1
  m_Enabled: 1
--- !u!146 &146000014132997376
WheelCollider:
  m_ObjectHideFlags: 1
  m_PrefabParentObject: {fileID: 0}
  m_PrefabInternal: {fileID: 100100000}
  m_GameObject: {fileID: 185732}
  m_Center: {x: 0, y: 0, z: 0}
  m_Radius: 1.4
  m_SuspensionSpring:
    spring: 35000
    damper: 1000
    targetPosition: 0.5
  m_SuspensionDistance: 0.3
  m_ForceAppPointDistance: 0
  m_Mass: 40
  m_WheelDampingRate: 0.25
  m_ForwardFriction:
    m_ExtremumSlip: 0.4
    m_ExtremumValue: 1
    m_AsymptoteSlip: 0.8
    m_AsymptoteValue: 0.5
    m_Stiffness: 1
  m_SidewaysFriction:
    m_ExtremumSlip: 0.2
    m_ExtremumValue: 1
    m_AsymptoteSlip: 0.5
    m_AsymptoteValue: 0.75
    m_Stiffness: 1
  m_Enabled: 1
--- !u!208 &208000010637628376
NavMeshObstacle:
  m_ObjectHideFlags: 1
  m_PrefabParentObject: {fileID: 0}
  m_PrefabInternal: {fileID: 100100000}
  m_GameObject: {fileID: 122024}
  m_Enabled: 1
  serializedVersion: 3
  m_Shape: 1
  m_Extents: {x: 2.012, y: 1.7060001, z: 5.775}
  m_MoveThreshold: 0.1
  m_Carve: 1
  m_CarveOnlyStationary: 1
  m_Center: {x: 0, y: 2.1260002, z: -0.48900002}
  m_TimeToStationary: 0.5
